
  <marc:record>
    <marc:leader>01503cam a22004334i 4500</marc:leader>
    <marc:controlfield tag="001">007179134</marc:controlfield>
    <marc:controlfield tag="003">FI-MELINDA</marc:controlfield>
    <marc:controlfield tag="005">20150612233647.0</marc:controlfield>
    <marc:controlfield tag="008">101114s2010    dk  |||g||||| 00| f|dan|c</marc:controlfield>
    <marc:datafield tag="020" ind1=" " ind2=" ">
      <marc:subfield code="a">978-87-567-8765-9</marc:subfield>
      <marc:subfield code="q">nidottu</marc:subfield>
    </marc:datafield>
    <marc:datafield tag="024" ind1="3" ind2=" ">
      <marc:subfield code="a">9788756787659</marc:subfield>
    </marc:datafield>
    <marc:datafield tag="035" ind1=" " ind2=" ">
      <marc:subfield code="a">(FI-MELINDA)007179134</marc:subfield>
    </marc:datafield>
    <marc:datafield tag="041" ind1="0" ind2=" ">
      <marc:subfield code="a">dan</marc:subfield>
    </marc:datafield>
    <marc:datafield tag="084" ind1=" " ind2=" ">
      <marc:subfield code="a">84.33</marc:subfield>
      <marc:subfield code="2">ykl</marc:subfield>
    </marc:datafield>
    <marc:datafield tag="100" ind1="1" ind2=" ">
      <marc:subfield code="a">Adler-Olsen, Jussi</marc:subfield>
      <marc:subfield code="0">http://viaf.org/viaf/87407021</marc:subfield>
      <marc:subfield code="4">aut</marc:subfield>
    </marc:datafield>
    <marc:datafield tag="245" ind1="1" ind2="0">
      <marc:subfield code="a">Flaskepost fra P </marc:subfield>
      <marc:subfield code="c">Adler-Olsen, Jussi</marc:subfield>
    </marc:datafield>
    <marc:datafield tag="260" ind1=" " ind2=" ">
      <marc:subfield code="a">København</marc:subfield>
      <marc:subfield code="b">Politikens Forlagshus</marc:subfield>
      <marc:subfield code="c">2009</marc:subfield>
    </marc:datafield>
    <marc:datafield tag="300" ind1=" " ind2=" ">
      <marc:subfield code="a">485, [1] s. </marc:subfield>
      <marc:subfield code="c">22 cm</marc:subfield>
    </marc:datafield>
    <marc:datafield tag="336" ind1=" " ind2=" ">
      <marc:subfield code="a">text</marc:subfield>
      <marc:subfield code="b">txt</marc:subfield>
      <marc:subfield code="0">http://rdaregistry.info/termList/RDAContentType/1020</marc:subfield>
      <marc:subfield code="2">rdacontent</marc:subfield>
    </marc:datafield>
    <marc:datafield tag="337" ind1=" " ind2=" ">
      <marc:subfield code="a">unmediated</marc:subfield>
      <marc:subfield code="b">n</marc:subfield>
      <marc:subfield code="0">http://rdaregistry.info/termList/RDAMediaType/1007</marc:subfield>
      <marc:subfield code="2">rdamedia</marc:subfield>
    </marc:datafield>
    <marc:datafield tag="338" ind1=" " ind2=" ">
      <marc:subfield code="a">volume</marc:subfield>
      <marc:subfield code="b">nc</marc:subfield>
      <marc:subfield code="0">http://rdaregistry.info/termList/RDACarrierType/1049</marc:subfield>
      <marc:subfield code="2">rdacarrier</marc:subfield>
    </marc:datafield>
    <marc:datafield tag="380" ind1=" " ind2=" ">
      <marc:subfield code="a">roman</marc:subfield>
      <marc:subfield code="0">http://id.loc.gov/entities/providers/d638d193eb29ac87c0950ab36b80e0e8</marc:subfield>
      <marc:subfield code="2">LCSH</marc:subfield>
    </marc:datafield>
    <marc:datafield tag="490" ind1="1" ind2=" ">
      <marc:subfield code="a">Afdeling Q </marc:subfield>
      <marc:subfield code="v">3</marc:subfield>
    </marc:datafield>
    <marc:datafield tag="600" ind1="1" ind2="4">
      <marc:subfield code="a">Mørck, Carl</marc:subfield>
      <marc:subfield code="c">Fiktiv karakter</marc:subfield>
      <marc:subfield code="e">dpc</marc:subfield>
    </marc:datafield>
    <marc:datafield tag="650" ind1=" " ind2="4">
      <marc:subfield code="a">Politi</marc:subfield>
    </marc:datafield>
    <marc:datafield tag="650" ind1=" " ind2="4">
      <marc:subfield code="a">Drap</marc:subfield>
    </marc:datafield>
    <marc:datafield tag="650" ind1=" " ind2="4">
      <marc:subfield code="a">Kriminalitet</marc:subfield>
    </marc:datafield>
    <marc:datafield tag="650" ind1=" " ind2="4">
      <marc:subfield code="a">Korrupsjon</marc:subfield>
    </marc:datafield>
    <marc:datafield tag="650" ind1=" " ind2="4">
      <marc:subfield code="a">Kidnappinger</marc:subfield>
    </marc:datafield>
    <marc:datafield tag="650" ind1=" " ind2="4">
      <marc:subfield code="a">Psykologi</marc:subfield>
    </marc:datafield>
    <marc:datafield tag="655" ind1=" " ind2="4">
      <marc:subfield code="a">Thriller</marc:subfield>
    </marc:datafield>
    <marc:datafield tag="655" ind1=" " ind2="4">
      <marc:subfield code="a">Krim</marc:subfield>
    </marc:datafield>
    <marc:datafield tag="655" ind1=" " ind2="4">
      <marc:subfield code="a">Fiksjon</marc:subfield>
    </marc:datafield>
    <marc:datafield tag="651" ind1=" " ind2="4">
      <marc:subfield code="a">Danmark</marc:subfield>
      <marc:subfield code="z">København</marc:subfield>
      <marc:subfield code="y">2010-luku</marc:subfield>
    </marc:datafield>
    <marc:datafield tag="830" ind1=" " ind2="0">
      <marc:subfield code="a">Afdeling Q </marc:subfield>
      <marc:subfield code="v">3</marc:subfield>
      <marc:subfield code="1">https://musicbrainz.org/series/9b97c04b-99ed-4e16-abff-be948e391674</marc:subfield>
    </marc:datafield>
    <marc:datafield tag="900" ind1="1" ind2=" ">
      <marc:subfield code="a">Olsen, Jussi Adler</marc:subfield>
      <marc:subfield code="y">Adler-Olsen, Jussi</marc:subfield>
    </marc:datafield>
    <marc:datafield tag="908" ind1=" " ind2=" ">
      <marc:subfield code="a">dk</marc:subfield>
    </marc:datafield>
  </marc:record>