
  <marc:record>
    <marc:leader>01013cam a22003017i 4500</marc:leader>
    <marc:controlfield tag="001">007180747</marc:controlfield>
    <marc:controlfield tag="003">FI-MELINDA</marc:controlfield>
    <marc:controlfield tag="005">20170126001023.0</marc:controlfield>
    <marc:controlfield tag="008">101123s2010    gw  |||g||||||||| f|ger|c</marc:controlfield>
    <marc:datafield tag="020" ind1=" " ind2=" ">
      <marc:subfield code="a">978-3-423-24787-0</marc:subfield>
      <marc:subfield code="q">nidottu</marc:subfield>
    </marc:datafield>
    <marc:datafield tag="024" ind1="8" ind2=" ">
      <marc:subfield code="a">A1533691</marc:subfield>
    </marc:datafield>
    <marc:datafield tag="035" ind1=" " ind2=" ">
      <marc:subfield code="a">(FI-MELINDA)007180747</marc:subfield>
    </marc:datafield>
    <marc:datafield tag="041" ind1="1" ind2=" ">
      <marc:subfield code="a">ger</marc:subfield>
      <marc:subfield code="h">dan</marc:subfield>
    </marc:datafield>
    <marc:datafield tag="084" ind1=" " ind2=" ">
      <marc:subfield code="a">84.4</marc:subfield>
      <marc:subfield code="2">ykl</marc:subfield>
    </marc:datafield>
    <marc:datafield tag="100" ind1="1" ind2=" ">
      <marc:subfield code="a">Adler-Olsen, Jussi</marc:subfield>
      <marc:subfield code="0">http://viaf.org/viaf/87407021</marc:subfield>
      <marc:subfield code="4">aut</marc:subfield>
    </marc:datafield>
    <marc:datafield tag="240" ind1="1" ind2="0">
      <marc:subfield code="a">Fasandræberne</marc:subfield>
      <marc:subfield code="0">http://viaf.org/viaf/4865151656240008400001</marc:subfield>
    </marc:datafield>
    <marc:datafield tag="245" ind1="1" ind2="0">
      <marc:subfield code="a">Schändung</marc:subfield>
      <marc:subfield code="c">Adler-Olsen, Jussi</marc:subfield>
    </marc:datafield>
    <marc:datafield tag="250" ind1=" " ind2=" ">
      <marc:subfield code="a">3. Aufl</marc:subfield>
    </marc:datafield>
    <marc:datafield tag="260" ind1=" " ind2=" ">
      <marc:subfield code="a">München</marc:subfield>
      <marc:subfield code="b">Deutscher Taschenbuch Verlag</marc:subfield>
      <marc:subfield code="c">2010</marc:subfield>
    </marc:datafield>
    <marc:datafield tag="300" ind1=" " ind2=" ">
      <marc:subfield code="a">458, [1] s. </marc:subfield>
      <marc:subfield code="c">21 cm</marc:subfield>
    </marc:datafield>
    <marc:datafield tag="336" ind1=" " ind2=" ">
      <marc:subfield code="a">text</marc:subfield>
      <marc:subfield code="b">txt</marc:subfield>
      <marc:subfield code="0">http://rdaregistry.info/termList/RDAContentType/1020</marc:subfield>
      <marc:subfield code="2">rdacontent</marc:subfield>
    </marc:datafield>
    <marc:datafield tag="337" ind1=" " ind2=" ">
      <marc:subfield code="a">unmediated</marc:subfield>
      <marc:subfield code="b">n</marc:subfield>
      <marc:subfield code="0">http://rdaregistry.info/termList/RDAMediaType/1007</marc:subfield>
      <marc:subfield code="2">rdamedia</marc:subfield>
    </marc:datafield>
    <marc:datafield tag="338" ind1=" " ind2=" ">
      <marc:subfield code="a">volume</marc:subfield>
      <marc:subfield code="b">nc</marc:subfield>
      <marc:subfield code="0">http://rdaregistry.info/termList/RDACarrierType/1049</marc:subfield>
      <marc:subfield code="2">rdacarrier</marc:subfield>
    </marc:datafield>
    <marc:datafield tag="380" ind1=" " ind2=" ">
      <marc:subfield code="a">roman</marc:subfield>
      <marc:subfield code="0">http://id.loc.gov/entities/providers/d638d193eb29ac87c0950ab36b80e0e8</marc:subfield>
      <marc:subfield code="2">LCSH</marc:subfield>
    </marc:datafield>
    <marc:datafield tag="490" ind1="1" ind2=" ">
      <marc:subfield code="a">DTV Premium </marc:subfield>
      <marc:subfield code="v">24787</marc:subfield>
    </marc:datafield>
    <marc:datafield tag="700" ind1="1" ind2=" ">
      <marc:subfield code="a">Thiess, Hannes</marc:subfield>
      <marc:subfield code="0">http://viaf.org/viaf/100577606</marc:subfield>
      <marc:subfield code="4">trl</marc:subfield>
    </marc:datafield>
    <marc:datafield tag="740" ind1="4" ind2=" ">
      <marc:subfield code="a">Der zweite Fall fu r Carl Mørk, Sonderdezernat Q</marc:subfield>
    </marc:datafield>
    <marc:datafield tag="830" ind1=" " ind2="0">
      <marc:subfield code="a">DTV Premium </marc:subfield>
      <marc:subfield code="v">2</marc:subfield>
      <marc:subfield code="1">https://musicbrainz.org/series/9b97c04b-99ed-4e16-abff-be948e391674</marc:subfield>
    </marc:datafield>
    <marc:datafield tag="908" ind1=" " ind2=" ">
      <marc:subfield code="a">dk</marc:subfield>
    </marc:datafield>
  </marc:record>