
  <marc:record>
    <marc:leader>01128cam a22003494i 4500</marc:leader>
    <marc:controlfield tag="001">007184491</marc:controlfield>
    <marc:controlfield tag="003">FI-MELINDA</marc:controlfield>
    <marc:controlfield tag="005">20150612234722.0</marc:controlfield>
    <marc:controlfield tag="008">110401s2011    xxk |||g |||| 000|f eng|c</marc:controlfield>
    <marc:datafield tag="020" ind1=" " ind2=" ">
      <marc:subfield code="a">978-0-141-39996-6</marc:subfield>
      <marc:subfield code="q">nidottu</marc:subfield>
    </marc:datafield>
    <marc:datafield tag="020" ind1=" " ind2=" ">
      <marc:subfield code="a">978-0-241-95404-1</marc:subfield>
    </marc:datafield>
    <marc:datafield tag="020" ind1=" " ind2=" ">
      <marc:subfield code="a">978-0-718-15688-6</marc:subfield>
    </marc:datafield>
    <marc:datafield tag="024" ind1="3" ind2=" ">
      <marc:subfield code="a">9780241954041</marc:subfield>
    </marc:datafield>
    <marc:datafield tag="035" ind1=" " ind2=" ">
      <marc:subfield code="a">(FI-MELINDA)007184491</marc:subfield>
    </marc:datafield>
    <marc:datafield tag="041" ind1="1" ind2=" ">
      <marc:subfield code="a">eng</marc:subfield>
      <marc:subfield code="h">dan</marc:subfield>
    </marc:datafield>
    <marc:datafield tag="084" ind1=" " ind2=" ">
      <marc:subfield code="a">84.5</marc:subfield>
      <marc:subfield code="2">ykl</marc:subfield>
    </marc:datafield>
    <marc:datafield tag="084" ind1="9" ind2=" ">
      <marc:subfield code="a">Jännitys</marc:subfield>
      <marc:subfield code="2">ykl</marc:subfield>
    </marc:datafield>
    <marc:datafield tag="100" ind1="1" ind2=" ">
      <marc:subfield code="a">Adler-Olsen, Jussi</marc:subfield>
      <marc:subfield code="0">http://viaf.org/viaf/87407021</marc:subfield>
      <marc:subfield code="4">aut</marc:subfield>
    </marc:datafield>
    <marc:datafield tag="240" ind1="1" ind2="0">
      <marc:subfield code="a">Kvinden i buret</marc:subfield>
      <marc:subfield code="0">http://viaf.org/viaf/6990151656331308400003</marc:subfield>
    </marc:datafield>
    <marc:datafield tag="245" ind1="1" ind2="0">
      <marc:subfield code="a">Mercy</marc:subfield>
      <marc:subfield code="c">Adler-Olsen, Jussi</marc:subfield>
    </marc:datafield>
    <marc:datafield tag="260" ind1=" " ind2=" ">
      <marc:subfield code="a">London</marc:subfield>
      <marc:subfield code="b">Penguin Books</marc:subfield>
      <marc:subfield code="c">2011</marc:subfield>
    </marc:datafield>
    <marc:datafield tag="300" ind1=" " ind2=" ">
      <marc:subfield code="a">503 s. </marc:subfield>
      <marc:subfield code="c">18 cm</marc:subfield>
    </marc:datafield>
    <marc:datafield tag="336" ind1=" " ind2=" ">
      <marc:subfield code="a">text</marc:subfield>
      <marc:subfield code="b">txt</marc:subfield>
      <marc:subfield code="0">http://rdaregistry.info/termList/RDAContentType/1020</marc:subfield>
      <marc:subfield code="2">rdacontent</marc:subfield>
    </marc:datafield>
    <marc:datafield tag="337" ind1=" " ind2=" ">
      <marc:subfield code="a">unmediated</marc:subfield>
      <marc:subfield code="b">n</marc:subfield>
      <marc:subfield code="0">http://rdaregistry.info/termList/RDAMediaType/1007</marc:subfield>
      <marc:subfield code="2">rdamedia</marc:subfield>
    </marc:datafield>
    <marc:datafield tag="338" ind1=" " ind2=" ">
      <marc:subfield code="a">volume</marc:subfield>
      <marc:subfield code="b">nc</marc:subfield>
      <marc:subfield code="0">http://rdaregistry.info/termList/RDACarrierType/1049</marc:subfield>
      <marc:subfield code="2">rdacarrier</marc:subfield>
    </marc:datafield>
    <marc:datafield tag="380" ind1=" " ind2=" ">
      <marc:subfield code="a">roman</marc:subfield>
      <marc:subfield code="0">http://id.loc.gov/entities/providers/d638d193eb29ac87c0950ab36b80e0e8</marc:subfield>
      <marc:subfield code="2">LCSH</marc:subfield>
    </marc:datafield>
    <marc:datafield tag="600" ind1="1" ind2="4">
      <marc:subfield code="a">Mørk, Carl</marc:subfield>
      <marc:subfield code="c">Fiktiv karakter</marc:subfield>
      <marc:subfield code="e">dpc</marc:subfield>
    </marc:datafield>
    <marc:datafield tag="600" ind1="1" ind2="4">
      <marc:subfield code="a">Lynggaard, Merete</marc:subfield>
      <marc:subfield code="c">Fiktiv karakter</marc:subfield>
      <marc:subfield code="e">dpc</marc:subfield>
    </marc:datafield>
    <marc:datafield tag="650" ind1=" " ind2="4">
      <marc:subfield code="a">Politi</marc:subfield>
    </marc:datafield>
    <marc:datafield tag="650" ind1=" " ind2="4">
      <marc:subfield code="a">Drap</marc:subfield>
    </marc:datafield>
    <marc:datafield tag="650" ind1=" " ind2="4">
      <marc:subfield code="a">Kriminalitet</marc:subfield>
    </marc:datafield>
    <marc:datafield tag="650" ind1=" " ind2="4">
      <marc:subfield code="a">Korrupsjon</marc:subfield>
    </marc:datafield>
    <marc:datafield tag="650" ind1=" " ind2="4">
      <marc:subfield code="a">Kidnappinger</marc:subfield>
    </marc:datafield>
    <marc:datafield tag="650" ind1=" " ind2="4">
      <marc:subfield code="a">Psykologi</marc:subfield>
    </marc:datafield>
    <marc:datafield tag="651" ind1=" " ind2="4">
      <marc:subfield code="a">Danmark</marc:subfield>
      <marc:subfield code="z">København</marc:subfield>
      <marc:subfield code="2">kaunokki</marc:subfield>
    </marc:datafield>
    <marc:datafield tag="655" ind1=" " ind2="4">
      <marc:subfield code="a">Thriller</marc:subfield>
    </marc:datafield>
    <marc:datafield tag="655" ind1=" " ind2="4">
      <marc:subfield code="a">Krim</marc:subfield>
    </marc:datafield>
    <marc:datafield tag="655" ind1=" " ind2="4">
      <marc:subfield code="a">Fiksjon</marc:subfield>
    </marc:datafield>
    <marc:datafield tag="700" ind1="1" ind2=" ">
      <marc:subfield code="a">Hartford, Lisa</marc:subfield>
      <marc:subfield code="0">http://viaf.org/viaf/170259176</marc:subfield>
      <marc:subfield code="4">trl</marc:subfield>
    </marc:datafield>
    <marc:datafield tag="908" ind1=" " ind2=" ">
      <marc:subfield code="a">dk</marc:subfield>
    </marc:datafield>
  </marc:record>