
  <marc:record>
    <marc:leader>04620cgm a22011174i 4500</marc:leader>
    <marc:controlfield tag="001">007351121</marc:controlfield>
    <marc:controlfield tag="003">FI-MELINDA</marc:controlfield>
    <marc:controlfield tag="005">20181025035351.0</marc:controlfield>
    <marc:controlfield tag="007">vd|cvaiz|</marc:controlfield>
    <marc:controlfield tag="008">150903r20152014fi 115|g|||||  |||vldan|c</marc:controlfield>
    <marc:datafield tag="024" ind1="3" ind2=" ">
      <marc:subfield code="a">6420201160732</marc:subfield>
    </marc:datafield>
    <marc:datafield tag="028" ind1="4" ind2="1">
      <marc:subfield code="b">Nordisk film</marc:subfield>
      <marc:subfield code="a">2321331</marc:subfield>
    </marc:datafield>
    <marc:datafield tag="035" ind1=" " ind2=" ">
      <marc:subfield code="z">(FI-MELINDA)007052521</marc:subfield>
    </marc:datafield>
    <marc:datafield tag="035" ind1=" " ind2=" ">
      <marc:subfield code="a">(FI-MELINDA)007351121</marc:subfield>
    </marc:datafield>
    <marc:datafield tag="041" ind1="1" ind2=" ">
      <marc:subfield code="a">dan</marc:subfield>
      <marc:subfield code="j">fin</marc:subfield>
      <marc:subfield code="j">dan</marc:subfield>
      <marc:subfield code="j">swe</marc:subfield>
      <marc:subfield code="j">nor</marc:subfield>
      <marc:subfield code="j">eng</marc:subfield>
      <marc:subfield code="h">dan</marc:subfield>
    </marc:datafield>
    <marc:datafield tag="049" ind1=" " ind2=" ">
      <marc:subfield code="c">K16</marc:subfield>
    </marc:datafield>
    <marc:datafield tag="084" ind1="9" ind2=" ">
      <marc:subfield code="a">Jännitys</marc:subfield>
      <marc:subfield code="2">ykl</marc:subfield>
    </marc:datafield>
    <marc:datafield tag="084" ind1=" " ind2=" ">
      <marc:subfield code="a">84.2</marc:subfield>
      <marc:subfield code="2">ykl</marc:subfield>
    </marc:datafield>
    <marc:datafield tag="130" ind1="0" ind2=" ">
      <marc:subfield code="a">Fasandræberne</marc:subfield>
      <marc:subfield code="0">https://www.imdb.com/title/tt3140100/</marc:subfield>
    </marc:datafield>
    <marc:datafield tag="245" ind1="1" ind2="0">
      <marc:subfield code="a">Metsästäjät</marc:subfield>
      <marc:subfield code="c">regi Mikkel Nørgaard</marc:subfield>
      <marc:subfield code="h">videoopptak</marc:subfield>
    </marc:datafield>
    <marc:datafield tag="260" ind1=" " ind2=" ">
      <marc:subfield code="a">[Helsinki]</marc:subfield>
      <marc:subfield code="b">Nordisk Film [jakaja]</marc:subfield>
      <marc:subfield code="c">[2015]</marc:subfield>
    </marc:datafield>
    <marc:datafield tag="300" ind1=" " ind2=" ">
      <marc:subfield code="a">1 DVD-videodisc (115 min)</marc:subfield>
      <marc:subfield code="b">värillinen, ääni</marc:subfield>
    </marc:datafield>
    <marc:datafield tag="336" ind1=" " ind2=" ">
      <marc:subfield code="a">two-dimensional moving image</marc:subfield>
      <marc:subfield code="b">tdi</marc:subfield>
      <marc:subfield code="0">http://rdaregistry.info/termList/RDAContentType/1023</marc:subfield>
      <marc:subfield code="2">rdacontent</marc:subfield>
    </marc:datafield>
    <marc:datafield tag="337" ind1=" " ind2=" ">
      <marc:subfield code="a">video</marc:subfield>
      <marc:subfield code="b">v</marc:subfield>
      <marc:subfield code="0">http://rdaregistry.info/termList/RDAMediaType/1008</marc:subfield>
      <marc:subfield code="2">rdamedia</marc:subfield>
    </marc:datafield>
    <marc:datafield tag="338" ind1=" " ind2=" ">
      <marc:subfield code="a">videodisc</marc:subfield>
      <marc:subfield code="b">vd</marc:subfield>
      <marc:subfield code="0">http://rdaregistry.info/termList/RDACarrierType/1060</marc:subfield>
      <marc:subfield code="2">rdacarrier</marc:subfield>
    </marc:datafield>
    <marc:datafield tag="380" ind1=" " ind2=" ">
      <marc:subfield code="a">film</marc:subfield>
      <marc:subfield code="0">http://id.loc.gov/authorities/subjects/sh86004702</marc:subfield>
      <marc:subfield code="2">LCSH</marc:subfield>
    </marc:datafield>
    <marc:datafield tag="500" ind1=" " ind2=" ">
      <marc:subfield code="a">Sisältää myös lisämateriaalia</marc:subfield>
    </marc:datafield>
    <marc:datafield tag="500" ind1=" " ind2=" ">
      <marc:subfield code="a">Sallittu yli 16-vuotiaille</marc:subfield>
    </marc:datafield>
    <marc:datafield tag="500" ind1=" " ind2=" ">
      <marc:subfield code="a">Perustuu Jussi Adler-Olsenin romaaniin</marc:subfield>
    </marc:datafield>
    <marc:datafield tag="500" ind1=" " ind2=" ">
      <marc:subfield code="a">Lainausoikeus</marc:subfield>
    </marc:datafield>
    <marc:datafield tag="500" ind1=" " ind2=" ">
      <marc:subfield code="a">Kielletty alle 16-v</marc:subfield>
    </marc:datafield>
    <marc:datafield tag="505" ind1="0" ind2=" ">
      <marc:subfield code="a">Lisämateriaali: Afdeling Q - fra Kvinden i buret til Fasandræberne</marc:subfield>
    </marc:datafield>
    <marc:datafield tag="511" ind1="0" ind2=" ">
      <marc:subfield code="a">Pääosissa: Nikolaj Lie Kaas, Farès Farès, Danica Curcic, Pilou Asbæk</marc:subfield>
    </marc:datafield>
    <marc:datafield tag="511" ind1="1" ind2=" ">
      <marc:subfield code="a">Nikolaj Lie Kaas, Fares Fares, Danica Curcic, Pilou Asbæk</marc:subfield>
    </marc:datafield>
    <marc:datafield tag="534" ind1=" " ind2=" ">
      <marc:subfield code="p">Alun perin julkaistu:</marc:subfield>
      <marc:subfield code="c">Zentropa, 2014</marc:subfield>
    </marc:datafield>
    <marc:datafield tag="534" ind1=" " ind2=" ">
      <marc:subfield code="p">Alkuperäinen:</marc:subfield>
      <marc:subfield code="c">Zentropa, 2014</marc:subfield>
    </marc:datafield>
    <marc:datafield tag="546" ind1=" " ind2=" ">
      <marc:subfield code="a">Ääniraita: tanska ; tekstitys: suomi, ruotsi, norja ja englanti sekä tanska kuulovammaisille ; lisämateriaalissa ei suomenkielistä tekstitystä</marc:subfield>
    </marc:datafield>
    <marc:datafield tag="505" ind1="0" ind2=" ">
      <marc:subfield code="a">Perustuu Jussi Adler-Olsenin romaaniin</marc:subfield>
    </marc:datafield>
    <marc:datafield tag="505" ind1="2" ind2=" ">
      <marc:subfield code="a">Lisämateriaali: Afdeling Q - fra kvinden i buret til Fasandræberne (ei sisällä suomenkielistä tekstitystä)</marc:subfield>
    </marc:datafield>
    <marc:datafield tag="511" ind1="1" ind2=" ">
      <marc:subfield code="a">Pääosissa: Nikolaj Lie Kaas, Fares Fares, Danica Curcic, Pilou Asbæk</marc:subfield>
    </marc:datafield>
    <marc:datafield tag="546" ind1=" " ind2=" ">
      <marc:subfield code="a">Ääniraita: tanska ; tekstitys: suomi, ruotsi, norja, tanska</marc:subfield>
    </marc:datafield>
    <marc:datafield tag="600" ind1="1" ind2="4">
      <marc:subfield code="a">Mørck, Carl</marc:subfield>
      <marc:subfield code="c">Fiktiv karakter</marc:subfield>
      <marc:subfield code="e">dpc</marc:subfield>
    </marc:datafield>
    <marc:datafield tag="648" ind1=" " ind2="7">
      <marc:subfield code="a">2010-luku</marc:subfield>
      <marc:subfield code="2">ysa</marc:subfield>
    </marc:datafield>
    <marc:datafield tag="651" ind1=" " ind2="7">
      <marc:subfield code="a">Danmark</marc:subfield>
      <marc:subfield code="z">København</marc:subfield>
      <marc:subfield code="y">2010-luku</marc:subfield>
      <marc:subfield code="2">kaunokki</marc:subfield>
    </marc:datafield>
    <marc:datafield tag="650" ind1=" " ind2="4">
      <marc:subfield code="a">Politi</marc:subfield>
    </marc:datafield>
    <marc:datafield tag="650" ind1=" " ind2="4">
      <marc:subfield code="a">Drap</marc:subfield>
    </marc:datafield>
    <marc:datafield tag="650" ind1=" " ind2="4">
      <marc:subfield code="a">Kriminalitet</marc:subfield>
    </marc:datafield>
    <marc:datafield tag="650" ind1=" " ind2="4">
      <marc:subfield code="a">Korrupsjon</marc:subfield>
    </marc:datafield>
    <marc:datafield tag="650" ind1=" " ind2="4">
      <marc:subfield code="a">Kidnappinger</marc:subfield>
    </marc:datafield>
    <marc:datafield tag="650" ind1=" " ind2="4">
      <marc:subfield code="a">Psykologi</marc:subfield>
    </marc:datafield>
    <marc:datafield tag="655" ind1=" " ind2="4">
      <marc:subfield code="a">Thriller</marc:subfield>
    </marc:datafield>
    <marc:datafield tag="655" ind1=" " ind2="4">
      <marc:subfield code="a">Krim</marc:subfield>
    </marc:datafield>
    <marc:datafield tag="655" ind1=" " ind2="4">
      <marc:subfield code="a">Fiksjon</marc:subfield>
    </marc:datafield>
    <marc:datafield tag="700" ind1="1" ind2=" ">
      <marc:subfield code="a">Vesth, Louise</marc:subfield>
      <marc:subfield code="0">http://viaf.org/viaf/232543582</marc:subfield>
      <marc:subfield code="4">fmp</marc:subfield>
    </marc:datafield>
    <marc:datafield tag="700" ind1="1" ind2=" ">
      <marc:subfield code="a">Schmidt, Johanne Louise</marc:subfield>
      <marc:subfield code="0">http://viaf.org/viaf/311717223</marc:subfield>
      <marc:subfield code="e">act</marc:subfield>
    </marc:datafield>
    <marc:datafield tag="700" ind1="1" ind2=" ">
      <marc:subfield code="a">Pilmark, Søren</marc:subfield>
      <marc:subfield code="0">http://viaf.org/viaf/46436813</marc:subfield>
      <marc:subfield code="e">act</marc:subfield>
    </marc:datafield>
    <marc:datafield tag="700" ind1="1" ind2=" ">
      <marc:subfield code="a">Adler-Olsen, Jussi</marc:subfield>
      <marc:subfield code="i">Adaption of work</marc:subfield>
      <marc:subfield code="1">http://viaf.org/viaf/4865151656240008400001</marc:subfield>
      <marc:subfield code="4">http://rdaregistry.info/Elements/w/adaptedAsMotionPictureWork.en</marc:subfield>
    </marc:datafield>
    <marc:datafield tag="700" ind1="1" ind2=" ">
      <marc:subfield code="a">Nørgaard, Mikkel</marc:subfield>
      <marc:subfield code="0">http://viaf.org/viaf/311821935</marc:subfield>
      <marc:subfield code="e">drt</marc:subfield>
      <marc:subfield code="4">reg</marc:subfield>
    </marc:datafield>
    <marc:datafield tag="700" ind1="1" ind2=" ">
      <marc:subfield code="a">Kaas, Nikolaj Lie</marc:subfield>
      <marc:subfield code="0">http://viaf.org/viaf/86940140</marc:subfield>
      <marc:subfield code="e">act</marc:subfield>
    </marc:datafield>
    <marc:datafield tag="700" ind1="1" ind2=" ">
      <marc:subfield code="a">Ilsø, Marco</marc:subfield>
      <marc:subfield code="0">http://viaf.org/viaf/8154681698547860396marc:subfield&gt;</marc:subfield>
      <marc:subfield code="e">act</marc:subfield>
    </marc:datafield>
    <marc:datafield tag="700" ind1="1" ind2=" ">
      <marc:subfield code="a">Heisterberg, Rasmus</marc:subfield>
      <marc:subfield code="0">http://viaf.org/viaf/102353756</marc:subfield>
      <marc:subfield code="e">aus</marc:subfield>
    </marc:datafield>
    <marc:datafield tag="700" ind1="1" ind2=" ">
      <marc:subfield code="a">Fares, Fares</marc:subfield>
      <marc:subfield code="0">http://viaf.org/viaf/165358398</marc:subfield>
      <marc:subfield code="e">act</marc:subfield>
    </marc:datafield>
    <marc:datafield tag="700" ind1="1" ind2=" ">
      <marc:subfield code="a">Dencik, David</marc:subfield>
      <marc:subfield code="0">https://www.imdb.com/name/nm1399770</marc:subfield>
      <marc:subfield code="e">act</marc:subfield>
    </marc:datafield>
    <marc:datafield tag="700" ind1="1" ind2=" ">
      <marc:subfield code="a">Curcic, Danica</marc:subfield>
      <marc:subfield code="0">https://www.imdb.com/name/nm4439530</marc:subfield>
      <marc:subfield code="e">act</marc:subfield>
    </marc:datafield>
    <marc:datafield tag="700" ind1="1" ind2=" ">
      <marc:subfield code="a">Christofferssen, Peter</marc:subfield>
      <marc:subfield code="0">https://www.imdb.com/name/nm3379539</marc:subfield>
      <marc:subfield code="e">act</marc:subfield>
    </marc:datafield>
    <marc:datafield tag="700" ind1="1" ind2=" ">
      <marc:subfield code="a">Boussnina, Sarah-Sofie</marc:subfield>
      <marc:subfield code="0">https://www.imdb.com/name/nm3621883/</marc:subfield>
      <marc:subfield code="e">act</marc:subfield>
    </marc:datafield>
    <marc:datafield tag="700" ind1="1" ind2=" ">
      <marc:subfield code="a">Bille, Beate</marc:subfield>
      <marc:subfield code="0">https://www.imdb.com/name/nm0082334</marc:subfield>
      <marc:subfield code="e">act</marc:subfield>
    </marc:datafield>
    <marc:datafield tag="700" ind1="1" ind2=" ">
      <marc:subfield code="a">Asbæk, Pilou</marc:subfield>
      <marc:subfield code="0">http://viaf.org/viaf/3474149198330174940007</marc:subfield>
      <marc:subfield code="4">act</marc:subfield>
    </marc:datafield>
    <marc:datafield tag="700" ind1="1" ind2=" ">
      <marc:subfield code="a">Arcel, Nikolaj</marc:subfield>
      <marc:subfield code="0"> http://viaf.org/viaf/262531535</marc:subfield>
      <marc:subfield code="e">aus</marc:subfield>
    </marc:datafield>
    <marc:datafield tag="856" ind1="4" ind2="2">
      <marc:subfield code="u">https://da.wikipedia.org/wiki/Fasandr%C3%A6berne</marc:subfield>
      <marc:subfield code="y">Wikipedia, tanska</marc:subfield>
    </marc:datafield>
    <marc:datafield tag="856" ind1="4" ind2="2">
      <marc:subfield code="u">http://www.imdb.com/title/tt3140100/?ref_=fn_al_tt_1</marc:subfield>
      <marc:subfield code="y">IMDb</marc:subfield>
    </marc:datafield>
    <marc:datafield tag="900" ind1="1" ind2=" ">
      <marc:subfield code="a">Kaas, Nikolaj</marc:subfield>
      <marc:subfield code="y">Kaas, Nikolaj Lie</marc:subfield>
    </marc:datafield>
    <marc:datafield tag="908" ind1=" " ind2=" ">
      <marc:subfield code="a">dk</marc:subfield>
    </marc:datafield>
  </marc:record>