
  <marc:record>
    <marc:leader>01957cam a2200541 i 4500</marc:leader>
    <marc:controlfield tag="001">009575944</marc:controlfield>
    <marc:controlfield tag="003">FI-MELINDA</marc:controlfield>
    <marc:controlfield tag="005">20181021045935.0</marc:controlfield>
    <marc:controlfield tag="008">160325s2016    fi ||||       |0| f|fin| </marc:controlfield>
    <marc:datafield tag="020" ind1=" " ind2=" ">
      <marc:subfield code="a">978-951-24-0158-1</marc:subfield>
      <marc:subfield code="q">sidottu</marc:subfield>
    </marc:datafield>
    <marc:datafield tag="035" ind1=" " ind2=" ">
      <marc:subfield code="a">(FI-MELINDA)009575944</marc:subfield>
    </marc:datafield>
    <marc:datafield tag="040" ind1=" " ind2=" ">
      <marc:subfield code="a">FI-NL</marc:subfield>
      <marc:subfield code="b">fin</marc:subfield>
      <marc:subfield code="e">rda</marc:subfield>
    </marc:datafield>
    <marc:datafield tag="041" ind1="1" ind2=" ">
      <marc:subfield code="a">fin</marc:subfield>
      <marc:subfield code="h">dan</marc:subfield>
    </marc:datafield>
    <marc:datafield tag="042" ind1=" " ind2=" ">
      <marc:subfield code="a">finb</marc:subfield>
    </marc:datafield>
    <marc:datafield tag="072" ind1=" " ind2="7">
      <marc:subfield code="a">87</marc:subfield>
      <marc:subfield code="2">kkaa</marc:subfield>
    </marc:datafield>
    <marc:datafield tag="080" ind1=" " ind2=" ">
      <marc:subfield code="a">839.8</marc:subfield>
      <marc:subfield code="x">-3</marc:subfield>
      <marc:subfield code="2">1974/fin/fennica</marc:subfield>
    </marc:datafield>
    <marc:datafield tag="084" ind1=" " ind2=" ">
      <marc:subfield code="a">84.2</marc:subfield>
      <marc:subfield code="2">ykl</marc:subfield>
    </marc:datafield>
    <marc:datafield tag="084" ind1="9" ind2=" ">
      <marc:subfield code="a">Jännitys</marc:subfield>
      <marc:subfield code="2">ykl</marc:subfield>
    </marc:datafield>
    <marc:datafield tag="100" ind1="1" ind2=" ">
      <marc:subfield code="a">Adler-Olsen, Jussi</marc:subfield>
      <marc:subfield code="4">aut</marc:subfield>
      <marc:subfield code="0">http://viaf.org/viaf/87407021</marc:subfield>
    </marc:datafield>
    <marc:datafield tag="240" ind1="1" ind2="0">
      <marc:subfield code="a">Marco effekten</marc:subfield>
      <marc:subfield code="0">http://viaf.org/viaf/2494155648122718330000</marc:subfield>
    </marc:datafield>
    <marc:datafield tag="245" ind1="1" ind2="0">
      <marc:subfield code="a">Poika varjoista</marc:subfield>
      <marc:subfield code="c">Adler-Olsen, Jussi</marc:subfield>
    </marc:datafield>
    <marc:datafield tag="260" ind1=" " ind2="">
      <marc:subfield code="a">Helsinki</marc:subfield>
      <marc:subfield code="b">Gummerus</marc:subfield>
      <marc:subfield code="c">[2016]</marc:subfield>
    </marc:datafield>
    <marc:datafield tag="300" ind1=" " ind2=" ">
      <marc:subfield code="a">553 sivua </marc:subfield>
      <marc:subfield code="c">22 cm</marc:subfield>
    </marc:datafield>
    <marc:datafield tag="336" ind1=" " ind2=" ">
      <marc:subfield code="a">text</marc:subfield>
      <marc:subfield code="b">txt</marc:subfield>
      <marc:subfield code="0">http://rdaregistry.info/termList/RDAContentType/1020</marc:subfield>
      <marc:subfield code="2">rdacontent</marc:subfield>
    </marc:datafield>
    <marc:datafield tag="337" ind1=" " ind2=" ">
      <marc:subfield code="a">unmediated</marc:subfield>
      <marc:subfield code="b">n</marc:subfield>
      <marc:subfield code="0">http://rdaregistry.info/termList/RDAMediaType/1007</marc:subfield>
      <marc:subfield code="2">rdamedia</marc:subfield>
    </marc:datafield>
    <marc:datafield tag="338" ind1=" " ind2=" ">
      <marc:subfield code="a">volume</marc:subfield>
      <marc:subfield code="b">nc</marc:subfield>
      <marc:subfield code="0">http://rdaregistry.info/termList/RDACarrierType/1049</marc:subfield>
      <marc:subfield code="2">rdacarrier</marc:subfield>
    </marc:datafield>
    <marc:datafield tag="380" ind1=" " ind2=" ">
      <marc:subfield code="a">roman</marc:subfield>
      <marc:subfield code="0">http://id.loc.gov/entities/providers/d638d193eb29ac87c0950ab36b80e0e8</marc:subfield>
      <marc:subfield code="2">LCSH</marc:subfield>
    </marc:datafield>
    <marc:datafield tag="490" ind1="0" ind2=" ">
      <marc:subfield code="a">Osasto Q </marc:subfield>
      <marc:subfield code="v">[5]</marc:subfield>
    </marc:datafield>
    <marc:datafield tag="600" ind1="1" ind2="4">
      <marc:subfield code="a">Mørck, Carl</marc:subfield>
      <marc:subfield code="c">Fiktiv karakter</marc:subfield>
      <marc:subfield code="e">dpc</marc:subfield>
    </marc:datafield>
    <marc:datafield tag="650" ind1=" " ind2="4">
      <marc:subfield code="a">Politi</marc:subfield>
    </marc:datafield>
    <marc:datafield tag="650" ind1=" " ind2="4">
      <marc:subfield code="a">Drap</marc:subfield>
    </marc:datafield>
    <marc:datafield tag="650" ind1=" " ind2="4">
      <marc:subfield code="a">Kriminalitet</marc:subfield>
    </marc:datafield>
    <marc:datafield tag="650" ind1=" " ind2="4">
      <marc:subfield code="a">Korrupsjon</marc:subfield>
    </marc:datafield>
    <marc:datafield tag="650" ind1=" " ind2="4">
      <marc:subfield code="a">Kidnappinger</marc:subfield>
    </marc:datafield>
    <marc:datafield tag="650" ind1=" " ind2="4">
      <marc:subfield code="a">Psykologi</marc:subfield>
    </marc:datafield>
    <marc:datafield tag="651" ind1=" " ind2="7">
      <marc:subfield code="a">Danmark</marc:subfield>
      <marc:subfield code="z">København</marc:subfield>
      <marc:subfield code="y">2010-luku</marc:subfield>
      <marc:subfield code="2">kaunokki</marc:subfield>
    </marc:datafield>
    <marc:datafield tag="655" ind1=" " ind2="4">
      <marc:subfield code="a">Psykologisk thriller</marc:subfield>
    </marc:datafield>
    <marc:datafield tag="655" ind1=" " ind2="4">
      <marc:subfield code="a">Thriller</marc:subfield>
    </marc:datafield>
    <marc:datafield tag="655" ind1=" " ind2="4">
      <marc:subfield code="a">Fiksjon</marc:subfield>
    </marc:datafield>
    <marc:datafield tag="655" ind1=" " ind2="4">
      <marc:subfield code="a">Krim</marc:subfield>
    </marc:datafield>
    <marc:datafield tag="700" ind1="1" ind2=" ">
      <marc:subfield code="a">Huttunen, Katriina</marc:subfield>
      <marc:subfield code="0">http://viaf.org/viaf/231514369</marc:subfield>
      <marc:subfield code="4">trl</marc:subfield>
    </marc:datafield>
    <marc:datafield tag="830" ind1=" " ind2="0">
      <marc:subfield code="a">Osasto Q</marc:subfield>
      <marc:subfield code="v">5</marc:subfield>
      <marc:subfield code="1">https://musicbrainz.org/series/9b97c04b-99ed-4e16-abff-be948e391674</marc:subfield>
    </marc:datafield>
    <marc:datafield tag="901" ind1=" " ind2=" ">
      <marc:subfield code="a">MU20160602</marc:subfield>
      <marc:subfield code="5">FENNI</marc:subfield>
    </marc:datafield>
  </marc:record>