
  <marc:record>
    <marc:leader>01877cgm a22005057i 4500</marc:leader>
    <marc:controlfield tag="001">010088685</marc:controlfield>
    <marc:controlfield tag="003">FI-MELINDA</marc:controlfield>
    <marc:controlfield tag="005">20181023095528.0</marc:controlfield>
    <marc:controlfield tag="007">vd cva|||</marc:controlfield>
    <marc:controlfield tag="008">140925s2014    dk     d     ||   v|dan c</marc:controlfield>
    <marc:datafield tag="024" ind1="3" ind2=" ">
      <marc:subfield code="a">6420201158159</marc:subfield>
    </marc:datafield>
    <marc:datafield tag="028" ind1="4" ind2="1">
      <marc:subfield code="a">2294031</marc:subfield>
    </marc:datafield>
    <marc:datafield tag="035" ind1=" " ind2=" ">
      <marc:subfield code="a">(FI-MELINDA)010088685</marc:subfield>
    </marc:datafield>
    <marc:datafield tag="041" ind1=" " ind2=" ">
      <marc:subfield code="a">dan</marc:subfield>
      <marc:subfield code="j">fin</marc:subfield>
      <marc:subfield code="j">swe</marc:subfield>
      <marc:subfield code="j">nor</marc:subfield>
      <marc:subfield code="j">dan</marc:subfield>
    </marc:datafield>
    <marc:datafield tag="049" ind1=" " ind2=" ">
      <marc:subfield code="c">K16</marc:subfield>
    </marc:datafield>
    <marc:datafield tag="084" ind1=" " ind2=" ">
      <marc:subfield code="a">84.2</marc:subfield>
      <marc:subfield code="2">ykl</marc:subfield>
    </marc:datafield>
    <marc:datafield tag="084" ind1="9" ind2=" ">
      <marc:subfield code="a">Jännitys</marc:subfield>
      <marc:subfield code="2">ykl</marc:subfield>
    </marc:datafield>
    <marc:datafield tag="130" ind1="0" ind2=" ">
      <marc:subfield code="a">Kvinden i buret</marc:subfield>
      <marc:subfield code="0">https://www.imdb.com/title/tt2438644</marc:subfield>
    </marc:datafield>
    <marc:datafield tag="245" ind1="1" ind2="0">
      <marc:subfield code="a">Vanki</marc:subfield>
      <marc:subfield code="c">regi Nørgaard, Mikkel</marc:subfield>
      <marc:subfield code="h">videoopptak</marc:subfield>
    </marc:datafield>
    <marc:datafield tag="260" ind1=" " ind2=" ">
      <marc:subfield code="a">Helsinki:</marc:subfield>
      <marc:subfield code="b">Nordisk film [jakaja]</marc:subfield>
      <marc:subfield code="c">2014</marc:subfield>
    </marc:datafield>
    <marc:datafield tag="300" ind1=" " ind2=" ">
      <marc:subfield code="a">1 DVD-videodisc (93 min)</marc:subfield>
      <marc:subfield code="b">värillinen</marc:subfield>
    </marc:datafield>
    <marc:datafield tag="336" ind1=" " ind2=" ">
      <marc:subfield code="a">two-dimensional moving image</marc:subfield>
      <marc:subfield code="b">tdi</marc:subfield>
      <marc:subfield code="0">http://rdaregistry.info/termList/RDAContentType/1023</marc:subfield>
      <marc:subfield code="2">rdacontent</marc:subfield>
    </marc:datafield>
    <marc:datafield tag="337" ind1=" " ind2=" ">
      <marc:subfield code="a">video</marc:subfield>
      <marc:subfield code="b">v</marc:subfield>
      <marc:subfield code="0">http://rdaregistry.info/termList/RDAMediaType/1008</marc:subfield>
      <marc:subfield code="2">rdamedia</marc:subfield>
    </marc:datafield>
    <marc:datafield tag="338" ind1=" " ind2=" ">
      <marc:subfield code="a">videodisc</marc:subfield>
      <marc:subfield code="b">vd</marc:subfield>
      <marc:subfield code="0">http://rdaregistry.info/termList/RDACarrierType/1060</marc:subfield>
      <marc:subfield code="2">rdacarrier</marc:subfield>
    </marc:datafield>
    <marc:datafield tag="380" ind1=" " ind2=" ">
      <marc:subfield code="a">film</marc:subfield>
      <marc:subfield code="0">http://id.loc.gov/authorities/subjects/sh86004702</marc:subfield>
      <marc:subfield code="2">LCSH</marc:subfield>
    </marc:datafield>
    <marc:datafield tag="500" ind1=" " ind2=" ">
      <marc:subfield code="a">Lainausoikeus. - Perustuu Jussi Adler-Olsenin romaaniin</marc:subfield>
    </marc:datafield>
    <marc:datafield tag="500" ind1=" " ind2=" ">
      <marc:subfield code="a">Kielletty alle 16-vuotiailta. - Ääniraita: tanska ; tekstitys: suomi, ruotsi, norja, tanska</marc:subfield>
    </marc:datafield>
    <marc:datafield tag="505" ind1=" " ind2=" ">
      <marc:subfield code="a">Sisältää lisämateriaalia</marc:subfield>
    </marc:datafield>
    <marc:datafield tag="511" ind1=" " ind2=" ">
      <marc:subfield code="a">Pääosissa: Nikolaj Lie Kaas, Per Scheel Krüger, Troels Lyby</marc:subfield>
    </marc:datafield>
    <marc:datafield tag="534" ind1=" " ind2=" ">
      <marc:subfield code="p">Alkuperäinen:</marc:subfield>
      <marc:subfield code="c">Zentropa Entertainments20, 2013</marc:subfield>
    </marc:datafield>
    <marc:datafield tag="505" ind1="0" ind2=" ">
      <marc:subfield code="a">Sisältää lisämateriaalia</marc:subfield>
    </marc:datafield>
    <marc:datafield tag="511" ind1="1" ind2=" ">
      <marc:subfield code="a">Pääosissa: Nikolaj Lie Kaas, Per Scheel Krüger, Troels Lyby</marc:subfield>
    </marc:datafield>
    <marc:datafield tag="650" ind1=" " ind2="4">
      <marc:subfield code="a">Politi</marc:subfield>
    </marc:datafield>
    <marc:datafield tag="650" ind1=" " ind2="4">
      <marc:subfield code="a">Drap</marc:subfield>
    </marc:datafield>
    <marc:datafield tag="650" ind1=" " ind2="4">
      <marc:subfield code="a">Kriminalitet</marc:subfield>
    </marc:datafield>
    <marc:datafield tag="650" ind1=" " ind2="4">
      <marc:subfield code="a">Korrupsjon</marc:subfield>
    </marc:datafield>
    <marc:datafield tag="650" ind1=" " ind2="4">
      <marc:subfield code="a">Kidnappinger</marc:subfield>
    </marc:datafield>
    <marc:datafield tag="650" ind1=" " ind2="4">
      <marc:subfield code="a">Psykologi</marc:subfield>
    </marc:datafield>
    <marc:datafield tag="655" ind1=" " ind2="4">
      <marc:subfield code="a">Thriller</marc:subfield>
    </marc:datafield>
    <marc:datafield tag="655" ind1=" " ind2="4">
      <marc:subfield code="a">Krim</marc:subfield>
    </marc:datafield>
    <marc:datafield tag="655" ind1=" " ind2="4">
      <marc:subfield code="a">Fiksjon</marc:subfield>
    </marc:datafield>
    <marc:datafield tag="700" ind1="1" ind2=" ">
      <marc:subfield code="a">Nørgaard, Mikkel</marc:subfield>
      <marc:subfield code="0">http://viaf.org/viaf/311821935</marc:subfield>
      <marc:subfield code="e">drt</marc:subfield>
      <marc:subfield code="4">reg</marc:subfield>
    </marc:datafield>
    <marc:datafield tag="700" ind1="1" ind2=" ">
      <marc:subfield code="a">Arcel, Nikolaj</marc:subfield>
      <marc:subfield code="0">http://viaf.org/viaf/262531535</marc:subfield>
      <marc:subfield code="4">aus</marc:subfield>
    </marc:datafield>
    <marc:datafield tag="700" ind1="1" ind2=" ">
      <marc:subfield code="a">Adler-Olsen, Jussi</marc:subfield>
      <marc:subfield code="i">Adaption of work</marc:subfield>
      <marc:subfield code="1">http://viaf.org/viaf/6990151656331308400003</marc:subfield>
      <marc:subfield code="4">http://rdaregistry.info/Elements/w/adaptedAsMotionPictureWork.en</marc:subfield>
    </marc:datafield>
    <marc:datafield tag="700" ind1="1" ind2=" ">
      <marc:subfield code="a">Kaas, Nikolaj Lie</marc:subfield>
      <marc:subfield code="0">http://viaf.org/viaf/86940140</marc:subfield>
      <marc:subfield code="4">act</marc:subfield>
    </marc:datafield>
    <marc:datafield tag="700" ind1="1" ind2=" ">
      <marc:subfield code="a">Krüger, Per Scheel</marc:subfield>
      <marc:subfield code="0">https://www.imdb.com/name/nm1272258</marc:subfield>
      <marc:subfield code="4">act</marc:subfield>
    </marc:datafield>
    <marc:datafield tag="700" ind1="1" ind2=" ">
      <marc:subfield code="a">Lyby, Troels</marc:subfield>
      <marc:subfield code="0">http://viaf.org/viaf/172894474</marc:subfield>
      <marc:subfield code="4">act</marc:subfield>
    </marc:datafield>
    <marc:datafield tag="700" ind1="1" ind2=" ">
      <marc:subfield code="a">Kress, Eric</marc:subfield>
      <marc:subfield code="0">http://viaf.org/viaf/101264432</marc:subfield>
      <marc:subfield code="e">cam</marc:subfield>
    </marc:datafield>
    <marc:datafield tag="700" ind1="1" ind2=" ">
      <marc:subfield code="a">Andrén, Patrik</marc:subfield>
      <marc:subfield code="0">http://viaf.org/viaf/313415200</marc:subfield>
      <marc:subfield code="4">msd</marc:subfield>
    </marc:datafield>
    <marc:datafield tag="908" ind1=" " ind2=" ">
      <marc:subfield code="a">dk</marc:subfield>
    </marc:datafield>
  </marc:record>