
  <marc:record>
    <marc:leader>04386cam a2200949 i 4500</marc:leader>
    <marc:controlfield tag="001">q02ppl5hnndjl5sd</marc:controlfield>
    <marc:controlfield tag="003">LIBRIS</marc:controlfield>
    <marc:controlfield tag="005">20190121112031.0</marc:controlfield>
    <marc:controlfield tag="008">181016s2019    sw |||||||||||000 f|swe|d</marc:controlfield>
    <marc:datafield tag="020" ind1=" " ind2=" ">
      <marc:subfield code="a">9789174297447</marc:subfield>
      <marc:subfield code="q">pocket</marc:subfield>
    </marc:datafield>
    <marc:datafield tag="035" ind1=" " ind2=" ">
      <marc:subfield code="a">(BOKR)9789174297447</marc:subfield>
    </marc:datafield>
    <marc:datafield tag="040" ind1=" " ind2=" ">
      <marc:subfield code="a">BOKR</marc:subfield>
      <marc:subfield code="b">swe</marc:subfield>
      <marc:subfield code="d">S</marc:subfield>
      <marc:subfield code="e">i</marc:subfield>
      <marc:subfield code="e">rda</marc:subfield>
    </marc:datafield>
    <marc:datafield tag="041" ind1="1" ind2=" ">
      <marc:subfield code="a">swe</marc:subfield>
      <marc:subfield code="h">dan</marc:subfield>
    </marc:datafield>
    <marc:datafield tag="042" ind1=" " ind2=" ">
      <marc:subfield code="9">NB</marc:subfield>
    </marc:datafield>
    <marc:datafield tag="100" ind1="1" ind2=" ">
      <marc:subfield code="a">Adler-Olsen, Jussi</marc:subfield>
      <marc:subfield code="0">http://viaf.org/viaf/87407021</marc:subfield>
      <marc:subfield code="4">aut</marc:subfield>
    </marc:datafield>
    <marc:datafield tag="240" ind1="1" ind2="0">
      <marc:subfield code="a">Og hun takkede guderne</marc:subfield>
      <marc:subfield code="0">http://viaf.org/viaf/307092805</marc:subfield>
    </marc:datafield>
    <marc:datafield tag="245" ind1="1" ind2="0">
      <marc:subfield code="a">Hon tackade gudarna </marc:subfield>
      <marc:subfield code="c">Adler-Olsen, Jussi</marc:subfield>
    </marc:datafield>
    <marc:datafield tag="246" ind1="1" ind2="0">
      <marc:subfield code="a">Firmaknuseren</marc:subfield>
      <marc:subfield code="b">Originaltittel</marc:subfield>
    </marc:datafield>
    <marc:datafield tag="260" ind1=" " ind2="">
      <marc:subfield code="a">Stockholm</marc:subfield>
      <marc:subfield code="b">Bonnier pocket</marc:subfield>
      <marc:subfield code="c">2019</marc:subfield>
    </marc:datafield>
    <marc:datafield tag="300" ind1=" " ind2=" ">
      <marc:subfield code="a">606 sidor</marc:subfield>
      <marc:subfield code="c">18 cm</marc:subfield>
    </marc:datafield>
    <marc:datafield tag="336" ind1=" " ind2=" ">
      <marc:subfield code="a">text</marc:subfield>
      <marc:subfield code="b">txt</marc:subfield>
      <marc:subfield code="0">http://rdaregistry.info/termList/RDAContentType/1020</marc:subfield>
      <marc:subfield code="2">rdacontent</marc:subfield>
    </marc:datafield>
    <marc:datafield tag="337" ind1=" " ind2=" ">
      <marc:subfield code="a">unmediated</marc:subfield>
      <marc:subfield code="b">n</marc:subfield>
      <marc:subfield code="0">http://rdaregistry.info/termList/RDAMediaType/1007</marc:subfield>
      <marc:subfield code="2">rdamedia</marc:subfield>
    </marc:datafield>
    <marc:datafield tag="338" ind1=" " ind2=" ">
      <marc:subfield code="b">volume</marc:subfield>
      <marc:subfield code="b">nc</marc:subfield>
      <marc:subfield code="0">http://rdaregistry.info/termList/RDACarrierType/1049</marc:subfield>
      <marc:subfield code="2">rdacarrier</marc:subfield>
    </marc:datafield>
    <marc:datafield tag="340" ind1=" " ind2=" ">
      <marc:subfield code="b">18 cm</marc:subfield>
    </marc:datafield>
    <marc:datafield tag="380" ind1=" " ind2=" ">
      <marc:subfield code="a">roman</marc:subfield>
      <marc:subfield code="0">http://id.loc.gov/entities/providers/d638d193eb29ac87c0950ab36b80e0e8</marc:subfield>
      <marc:subfield code="2">LCSH</marc:subfield>
    </marc:datafield>
    <marc:datafield tag="500" ind1=" " ind2=" ">
      <marc:subfield code="a">Fr̲sta svenska upplaga 2018</marc:subfield>
    </marc:datafield>
    <marc:datafield tag="650" ind1=" " ind2="4">
      <marc:subfield code="a">Politi</marc:subfield>
    </marc:datafield>
    <marc:datafield tag="650" ind1=" " ind2="4">
      <marc:subfield code="a">Drap</marc:subfield>
    </marc:datafield>
    <marc:datafield tag="650" ind1=" " ind2="4">
      <marc:subfield code="a">Kriminalitet</marc:subfield>
    </marc:datafield>
    <marc:datafield tag="650" ind1=" " ind2="4">
      <marc:subfield code="a">Korrupsjon</marc:subfield>
    </marc:datafield>
    <marc:datafield tag="650" ind1=" " ind2="4">
      <marc:subfield code="a">Kidnappinger</marc:subfield>
    </marc:datafield>
    <marc:datafield tag="650" ind1=" " ind2="4">
      <marc:subfield code="a">Psykologi</marc:subfield>
    </marc:datafield>
    <marc:datafield tag="655" ind1=" " ind2="4">
      <marc:subfield code="a">Thriller</marc:subfield>
    </marc:datafield>
    <marc:datafield tag="655" ind1=" " ind2="4">
      <marc:subfield code="a">Psykologisk thriller</marc:subfield>
    </marc:datafield>
    <marc:datafield tag="655" ind1=" " ind2="4">
      <marc:subfield code="a">Krim</marc:subfield>
    </marc:datafield>
    <marc:datafield tag="655" ind1=" " ind2="4">
      <marc:subfield code="a">Fiksjon</marc:subfield>
    </marc:datafield>
    <marc:datafield tag="700" ind1="1" ind2=" ">
      <marc:subfield code="a">Skoglund, Svante,</marc:subfield>
      <marc:subfield code="e">trl</marc:subfield>
      <marc:subfield code="0">http://viaf.org/viaf/311495288</marc:subfield>
    </marc:datafield>
    <marc:datafield tag="841" ind1=" " ind2=" ">
      <marc:subfield code="5">Gbg</marc:subfield>
      <marc:subfield code="a">x  a</marc:subfield>
      <marc:subfield code="b">190116||0000|||||000||||||000000</marc:subfield>
      <marc:subfield code="e">1</marc:subfield>
    </marc:datafield>
    <marc:datafield tag="841" ind1=" " ind2=" ">
      <marc:subfield code="5">L</marc:subfield>
      <marc:subfield code="a">x  a</marc:subfield>
      <marc:subfield code="b">190125||0000|||||000||||||000000</marc:subfield>
      <marc:subfield code="e">|</marc:subfield>
    </marc:datafield>
    <marc:datafield tag="841" ind1=" " ind2=" ">
      <marc:subfield code="5">Leru</marc:subfield>
      <marc:subfield code="a">x  a</marc:subfield>
      <marc:subfield code="b">190213||0000|||||000||||||000000</marc:subfield>
      <marc:subfield code="e">1</marc:subfield>
    </marc:datafield>
    <marc:datafield tag="841" ind1=" " ind2=" ">
      <marc:subfield code="5">Mo</marc:subfield>
      <marc:subfield code="a">x  2</marc:subfield>
      <marc:subfield code="b">190206||0000|||||000||||||000000</marc:subfield>
      <marc:subfield code="e">|</marc:subfield>
    </marc:datafield>
    <marc:datafield tag="841" ind1=" " ind2=" ">
      <marc:subfield code="5">Nyks</marc:subfield>
      <marc:subfield code="a">x  a</marc:subfield>
      <marc:subfield code="b">190211||0000|||||000||||||000000</marc:subfield>
      <marc:subfield code="e">1</marc:subfield>
    </marc:datafield>
    <marc:datafield tag="841" ind1=" " ind2=" ">
      <marc:subfield code="5">S</marc:subfield>
      <marc:subfield code="a">x  a</marc:subfield>
      <marc:subfield code="b">190121||0000|||||000||||||000000</marc:subfield>
      <marc:subfield code="e">|</marc:subfield>
    </marc:datafield>
    <marc:datafield tag="841" ind1=" " ind2=" ">
      <marc:subfield code="5">Torb</marc:subfield>
      <marc:subfield code="a">x  a</marc:subfield>
      <marc:subfield code="b">190125||0000|||||000||||||000000</marc:subfield>
      <marc:subfield code="e">1</marc:subfield>
    </marc:datafield>
    <marc:datafield tag="852" ind1=" " ind2=" ">
      <marc:subfield code="5">Gbg</marc:subfield>
      <marc:subfield code="b">Gbg</marc:subfield>
    </marc:datafield>
    <marc:datafield tag="852" ind1=" " ind2=" ">
      <marc:subfield code="5">L</marc:subfield>
      <marc:subfield code="b">L</marc:subfield>
      <marc:subfield code="h">b18/</marc:subfield>
      <marc:subfield code="j">8349</marc:subfield>
      <marc:subfield code="x">as</marc:subfield>
    </marc:datafield>
    <marc:datafield tag="852" ind1=" " ind2=" ">
      <marc:subfield code="5">Leru</marc:subfield>
      <marc:subfield code="b">Leru</marc:subfield>
    </marc:datafield>
    <marc:datafield tag="852" ind1=" " ind2=" ">
      <marc:subfield code="5">Mo</marc:subfield>
      <marc:subfield code="b">Mo</marc:subfield>
    </marc:datafield>
    <marc:datafield tag="852" ind1=" " ind2=" ">
      <marc:subfield code="5">Nyks</marc:subfield>
      <marc:subfield code="b">Nyks</marc:subfield>
      <marc:subfield code="h">Hce</marc:subfield>
    </marc:datafield>
    <marc:datafield tag="852" ind1=" " ind2=" ">
      <marc:subfield code="5">S</marc:subfield>
      <marc:subfield code="b">S</marc:subfield>
      <marc:subfield code="h"> Sv2019</marc:subfield>
      <marc:subfield code="j">443</marc:subfield>
      <marc:subfield code="x">nb2019mon</marc:subfield>
      <marc:subfield code="x">nbv201904</marc:subfield>
      <marc:subfield code="x">eivwik</marc:subfield>
    </marc:datafield>
    <marc:datafield tag="852" ind1=" " ind2=" ">
      <marc:subfield code="5">Torb</marc:subfield>
      <marc:subfield code="b">Torb</marc:subfield>
    </marc:datafield>
    <marc:datafield tag="887" ind1=" " ind2=" ">
      <marc:subfield code="a">{"@id":"q02ppl5hnndjl5sd","modified":"2019-01-21T11:20:31.092+01:00","checksum":"222441079185"}</marc:subfield>
      <marc:subfield code="2">librisxl</marc:subfield>
    </marc:datafield>
    <marc:datafield tag="887" ind1=" " ind2=" ">
      <marc:subfield code="5">Gbg</marc:subfield>
      <marc:subfield code="a">{"@id":"x6ls0jcxvsgrfb55","modified":"2019-01-16T08:03:13.603+01:00","checksum":"15391805911"}</marc:subfield>
      <marc:subfield code="2">librisxl</marc:subfield>
    </marc:datafield>
    <marc:datafield tag="887" ind1=" " ind2=" ">
      <marc:subfield code="5">L</marc:subfield>
      <marc:subfield code="a">{"@id":"w5mvzgvpt0spz92n","modified":"2019-01-25T14:47:34.713+01:00","checksum":"20993033406"}</marc:subfield>
      <marc:subfield code="2">librisxl</marc:subfield>
    </marc:datafield>
    <marc:datafield tag="887" ind1=" " ind2=" ">
      <marc:subfield code="5">Leru</marc:subfield>
      <marc:subfield code="a">{"@id":"t3m0gz01r9v172n0","modified":"2019-02-13T08:01:18.575+01:00","checksum":"13282240929"}</marc:subfield>
      <marc:subfield code="2">librisxl</marc:subfield>
    </marc:datafield>
    <marc:datafield tag="887" ind1=" " ind2=" ">
      <marc:subfield code="5">Mo</marc:subfield>
      <marc:subfield code="a">{"@id":"nxf2r8l4lds6qcb2","modified":"2019-02-06T17:16:30.504+01:00","checksum":"17640792277"}</marc:subfield>
      <marc:subfield code="2">librisxl</marc:subfield>
    </marc:datafield>
    <marc:datafield tag="887" ind1=" " ind2=" ">
      <marc:subfield code="5">Nyks</marc:subfield>
      <marc:subfield code="a">{"@id":"r1kq6bh2pjvw36jn","modified":"2019-02-27T10:51:26.995+01:00","checksum":"21347932958"}</marc:subfield>
      <marc:subfield code="2">librisxl</marc:subfield>
    </marc:datafield>
    <marc:datafield tag="887" ind1=" " ind2=" ">
      <marc:subfield code="5">S</marc:subfield>
      <marc:subfield code="a">{"@id":"4dtlgvfb22jnt289","modified":"2019-01-21T11:22:58.148+01:00","checksum":"21076606557"}</marc:subfield>
      <marc:subfield code="2">librisxl</marc:subfield>
    </marc:datafield>
    <marc:datafield tag="887" ind1=" " ind2=" ">
      <marc:subfield code="5">Torb</marc:subfield>
      <marc:subfield code="a">{"@id":"lvbj5j3zj3fd4mjw","modified":"2019-01-25T11:16:45.711+01:00","checksum":"10947317240"}</marc:subfield>
      <marc:subfield code="2">librisxl</marc:subfield>
    </marc:datafield>
    <marc:datafield tag="900" ind1="1" ind2="s">
      <marc:subfield code="6">100</marc:subfield>
      <marc:subfield code="a">Olsen, Jussi Adler</marc:subfield>
      <marc:subfield code="u">Adler-Olsen, Jussi</marc:subfield>
    </marc:datafield>
    <marc:datafield tag="950" ind1=" " ind2="s">
      <marc:subfield code="6">650</marc:subfield>
      <marc:subfield code="a">Fr̲etagsnedlg̃gningar</marc:subfield>
      <marc:subfield code="u">Fr̲etagsnedlg̃gelser</marc:subfield>
    </marc:datafield>
    <marc:datafield tag="950" ind1=" " ind2="s">
      <marc:subfield code="6">650</marc:subfield>
      <marc:subfield code="a">Nedlg̃gningshot</marc:subfield>
      <marc:subfield code="u">Fr̲etagsnedlg̃gelser</marc:subfield>
    </marc:datafield>
    <marc:datafield tag="950" ind1=" " ind2="k">
      <marc:subfield code="6">650</marc:subfield>
      <marc:subfield code="w">g</marc:subfield>
      <marc:subfield code="a">Avindustrialisering</marc:subfield>
      <marc:subfield code="u">Fr̲etagsnedlg̃gelser</marc:subfield>
    </marc:datafield>
    <marc:datafield tag="950" ind1=" " ind2="k">
      <marc:subfield code="6">650</marc:subfield>
      <marc:subfield code="w">h</marc:subfield>
      <marc:subfield code="a">Affr̃skvinnor</marc:subfield>
      <marc:subfield code="u">Affr̃smñ</marc:subfield>
    </marc:datafield>
    <marc:datafield tag="950" ind1=" " ind2="k">
      <marc:subfield code="6">650</marc:subfield>
      <marc:subfield code="w">h</marc:subfield>
      <marc:subfield code="a">Finansmñ</marc:subfield>
      <marc:subfield code="u">Affr̃smñ</marc:subfield>
    </marc:datafield>
    <marc:datafield tag="950" ind1=" " ind2="k">
      <marc:subfield code="6">650</marc:subfield>
      <marc:subfield code="w">h</marc:subfield>
      <marc:subfield code="a">Industrimñ</marc:subfield>
      <marc:subfield code="u">Affr̃smñ</marc:subfield>
    </marc:datafield>
    <marc:datafield tag="950" ind1=" " ind2="k">
      <marc:subfield code="6">650</marc:subfield>
      <marc:subfield code="w">h</marc:subfield>
      <marc:subfield code="a">Judiska affr̃smñ</marc:subfield>
      <marc:subfield code="u">Affr̃smñ</marc:subfield>
    </marc:datafield>
    <marc:datafield tag="950" ind1=" " ind2="k">
      <marc:subfield code="6">650</marc:subfield>
      <marc:subfield code="w">h</marc:subfield>
      <marc:subfield code="a">Svenska affr̃smñ</marc:subfield>
      <marc:subfield code="u">Affr̃smñ</marc:subfield>
    </marc:datafield>
    <marc:datafield tag="950" ind1=" " ind2="k">
      <marc:subfield code="6">650</marc:subfield>
      <marc:subfield code="a">Fr̲etagare</marc:subfield>
      <marc:subfield code="u">Affr̃smñ</marc:subfield>
    </marc:datafield>
    <marc:datafield tag="950" ind1=" " ind2="k">
      <marc:subfield code="6">650</marc:subfield>
      <marc:subfield code="a">Fr̲etagsledare</marc:subfield>
      <marc:subfield code="u">Affr̃smñ</marc:subfield>
    </marc:datafield>
    <marc:datafield tag="955" ind1=" " ind2="k">
      <marc:subfield code="6">655</marc:subfield>
      <marc:subfield code="w">g</marc:subfield>
      <marc:subfield code="a">Skn̲litteratur</marc:subfield>
      <marc:subfield code="u">Romaner</marc:subfield>
    </marc:datafield>
    <marc:datafield tag="955" ind1=" " ind2="k">
      <marc:subfield code="6">655</marc:subfield>
      <marc:subfield code="w">h</marc:subfield>
      <marc:subfield code="a">Brevromaner</marc:subfield>
      <marc:subfield code="u">Romaner</marc:subfield>
    </marc:datafield>
    <marc:datafield tag="955" ind1=" " ind2="k">
      <marc:subfield code="6">655</marc:subfield>
      <marc:subfield code="w">h</marc:subfield>
      <marc:subfield code="a">Dagboksromaner</marc:subfield>
      <marc:subfield code="u">Romaner</marc:subfield>
    </marc:datafield>
    <marc:datafield tag="955" ind1=" " ind2="k">
      <marc:subfield code="6">655</marc:subfield>
      <marc:subfield code="w">h</marc:subfield>
      <marc:subfield code="a">Kollektivromaner</marc:subfield>
      <marc:subfield code="u">Romaner</marc:subfield>
    </marc:datafield>
    <marc:datafield tag="955" ind1=" " ind2="k">
      <marc:subfield code="6">655</marc:subfield>
      <marc:subfield code="w">h</marc:subfield>
      <marc:subfield code="a">Nyckelromaner</marc:subfield>
      <marc:subfield code="u">Romaner</marc:subfield>
    </marc:datafield>
    <marc:datafield tag="955" ind1=" " ind2="k">
      <marc:subfield code="6">655</marc:subfield>
      <marc:subfield code="w">h</marc:subfield>
      <marc:subfield code="a">Pikareskromaner</marc:subfield>
      <marc:subfield code="u">Romaner</marc:subfield>
    </marc:datafield>
    <marc:datafield tag="955" ind1=" " ind2="k">
      <marc:subfield code="6">655</marc:subfield>
      <marc:subfield code="w">h</marc:subfield>
      <marc:subfield code="a">Serieromaner</marc:subfield>
      <marc:subfield code="u">Romaner</marc:subfield>
    </marc:datafield>
    <marc:datafield tag="955" ind1=" " ind2="k">
      <marc:subfield code="6">655</marc:subfield>
      <marc:subfield code="w">h</marc:subfield>
      <marc:subfield code="a">Utvecklingsromaner</marc:subfield>
      <marc:subfield code="u">Romaner</marc:subfield>
    </marc:datafield>
    <marc:datafield tag="955" ind1=" " ind2="s">
      <marc:subfield code="6">655</marc:subfield>
      <marc:subfield code="a">Agentbert̃telser</marc:subfield>
      <marc:subfield code="u">Thrillers</marc:subfield>
    </marc:datafield>
    <marc:datafield tag="955" ind1=" " ind2="s">
      <marc:subfield code="6">655</marc:subfield>
      <marc:subfield code="a">Agentromaner</marc:subfield>
      <marc:subfield code="u">Thrillers</marc:subfield>
    </marc:datafield>
    <marc:datafield tag="955" ind1=" " ind2="s">
      <marc:subfield code="6">655</marc:subfield>
      <marc:subfield code="w">||e</marc:subfield>
      <marc:subfield code="a">Psykologiska thrillers</marc:subfield>
      <marc:subfield code="u">Thrillers</marc:subfield>
    </marc:datafield>
    <marc:datafield tag="955" ind1=" " ind2="s">
      <marc:subfield code="6">655</marc:subfield>
      <marc:subfield code="a">Spionbert̃telser</marc:subfield>
      <marc:subfield code="u">Thrillers</marc:subfield>
    </marc:datafield>
    <marc:datafield tag="955" ind1=" " ind2="s">
      <marc:subfield code="6">655</marc:subfield>
      <marc:subfield code="w">||e</marc:subfield>
      <marc:subfield code="a">Spionromaner</marc:subfield>
      <marc:subfield code="u">Thrillers</marc:subfield>
    </marc:datafield>
    <marc:datafield tag="955" ind1=" " ind2="s">
      <marc:subfield code="6">655</marc:subfield>
      <marc:subfield code="a">Spñningsromaner</marc:subfield>
      <marc:subfield code="u">Thrillers</marc:subfield>
    </marc:datafield>
    <marc:datafield tag="955" ind1=" " ind2="k">
      <marc:subfield code="6">655</marc:subfield>
      <marc:subfield code="w">g</marc:subfield>
      <marc:subfield code="a">Skn̲litteratur</marc:subfield>
      <marc:subfield code="u">Thrillers</marc:subfield>
    </marc:datafield>
  </marc:record>