
  <marc:record>
    <marc:leader>07432cam a22011773a 4500</marc:leader>
    <marc:controlfield tag="001">22461327</marc:controlfield>
    <marc:controlfield tag="003">LIBRIS</marc:controlfield>
    <marc:controlfield tag="005">20180531144747.0</marc:controlfield>
    <marc:controlfield tag="007">cr |||   |||||         </marc:controlfield>
    <marc:controlfield tag="008">180223|        |  |||||o|||||000 f|swe|d</marc:controlfield>
    <marc:datafield tag="020" ind1=" " ind2=" ">
      <marc:subfield code="a">9789100174545</marc:subfield>
    </marc:datafield>
    <marc:datafield tag="024" ind1="7" ind2=" ">
      <marc:subfield code="5">BinE</marc:subfield>
      <marc:subfield code="a">1059670</marc:subfield>
      <marc:subfield code="2">Distributr̲: Elib</marc:subfield>
    </marc:datafield>
    <marc:datafield tag="024" ind1="7" ind2=" ">
      <marc:subfield code="5">Elib</marc:subfield>
      <marc:subfield code="a">1059670</marc:subfield>
      <marc:subfield code="2">Distributr̲: Elib</marc:subfield>
    </marc:datafield>
    <marc:datafield tag="024" ind1="7" ind2=" ">
      <marc:subfield code="5">Harj</marc:subfield>
      <marc:subfield code="a">1059670</marc:subfield>
      <marc:subfield code="2">Distributr̲: Elib</marc:subfield>
    </marc:datafield>
    <marc:datafield tag="024" ind1="7" ind2=" ">
      <marc:subfield code="5">HibE</marc:subfield>
      <marc:subfield code="a">1059670</marc:subfield>
      <marc:subfield code="2">Distributr̲: Elib</marc:subfield>
    </marc:datafield>
    <marc:datafield tag="024" ind1="7" ind2=" ">
      <marc:subfield code="5">Kas</marc:subfield>
      <marc:subfield code="a">1059670</marc:subfield>
      <marc:subfield code="2">Distributr̲: Elib</marc:subfield>
    </marc:datafield>
    <marc:datafield tag="024" ind1="7" ind2=" ">
      <marc:subfield code="5">Kniv</marc:subfield>
      <marc:subfield code="a">1059670</marc:subfield>
      <marc:subfield code="2">Distributr̲: Elib</marc:subfield>
    </marc:datafield>
    <marc:datafield tag="024" ind1="7" ind2=" ">
      <marc:subfield code="5">Kssb</marc:subfield>
      <marc:subfield code="a">1059670</marc:subfield>
      <marc:subfield code="2">Distributr̲: Elib</marc:subfield>
    </marc:datafield>
    <marc:datafield tag="024" ind1="7" ind2=" ">
      <marc:subfield code="5">Nass</marc:subfield>
      <marc:subfield code="a">1059670</marc:subfield>
      <marc:subfield code="2">Distributr̲: Elib</marc:subfield>
    </marc:datafield>
    <marc:datafield tag="024" ind1="7" ind2=" ">
      <marc:subfield code="5">Okb</marc:subfield>
      <marc:subfield code="a">1059670</marc:subfield>
      <marc:subfield code="2">Distributr̲: Elib</marc:subfield>
    </marc:datafield>
    <marc:datafield tag="024" ind1="7" ind2=" ">
      <marc:subfield code="5">Os</marc:subfield>
      <marc:subfield code="a">1059670</marc:subfield>
      <marc:subfield code="2">Distributr̲: Elib</marc:subfield>
    </marc:datafield>
    <marc:datafield tag="024" ind1="7" ind2=" ">
      <marc:subfield code="5">TimE</marc:subfield>
      <marc:subfield code="a">1059670</marc:subfield>
      <marc:subfield code="2">Distributr̲: Elib</marc:subfield>
    </marc:datafield>
    <marc:datafield tag="035" ind1=" " ind2=" ">
      <marc:subfield code="a">Elib1059670</marc:subfield>
    </marc:datafield>
    <marc:datafield tag="040" ind1=" " ind2=" ">
      <marc:subfield code="e">a</marc:subfield>
    </marc:datafield>
    <marc:datafield tag="041" ind1=" " ind2=" ">
      <marc:subfield code="a">swe</marc:subfield>
    </marc:datafield>
    <marc:datafield tag="072" ind1=" " ind2="7">
      <marc:subfield code="a">FA</marc:subfield>
      <marc:subfield code="2">bicssc</marc:subfield>
    </marc:datafield>
    <marc:datafield tag="100" ind1="1" ind2=" ">
      <marc:subfield code="a">Adler-Olsen, Jussi</marc:subfield>
      <marc:subfield code="4">aut</marc:subfield>
      <marc:subfield code="0">http://viaf.org/viaf/87407021</marc:subfield>
    </marc:datafield>
    <marc:datafield tag="240" ind1="1" ind2="0">
      <marc:subfield code="a">Og hun takkede guderne</marc:subfield>
      <marc:subfield code="0">http://viaf.org/viaf/307092805</marc:subfield>
    </marc:datafield>
    <marc:datafield tag="245" ind1="1" ind2="0">
      <marc:subfield code="a">Hon tackade gudarna</marc:subfield>
      <marc:subfield code="c">Adler-Olsen, Jussi</marc:subfield>
    </marc:datafield>
    <marc:datafield tag="246" ind1="1" ind2="0">
      <marc:subfield code="a">Firmaknuseren</marc:subfield>
      <marc:subfield code="b">Originaltittel</marc:subfield>
    </marc:datafield>
    <marc:datafield tag="300" ind1=" " ind2=" ">
      <marc:subfield code="a">600 s.</marc:subfield>
    </marc:datafield>
    <marc:datafield tag="338" ind1=" " ind2=" ">
      <marc:subfield code="b">r</marc:subfield>
      <marc:subfield code="b">o</marc:subfield>
      <marc:subfield code="2">rdacarrier</marc:subfield>
      <marc:subfield code="2">rdacarrier</marc:subfield>
    </marc:datafield>
    <marc:datafield tag="500" ind1=" " ind2=" ">
      <marc:subfield code="5">BinE</marc:subfield>
      <marc:subfield code="a">Online epub (1.18 MB)</marc:subfield>
    </marc:datafield>
    <marc:datafield tag="500" ind1=" " ind2=" ">
      <marc:subfield code="5">Harj</marc:subfield>
      <marc:subfield code="a">Online epub (1.18 MB)</marc:subfield>
    </marc:datafield>
    <marc:datafield tag="500" ind1=" " ind2=" ">
      <marc:subfield code="5">HibE</marc:subfield>
      <marc:subfield code="a">Online epub (1.18 MB)</marc:subfield>
    </marc:datafield>
    <marc:datafield tag="500" ind1=" " ind2=" ">
      <marc:subfield code="5">Kas</marc:subfield>
      <marc:subfield code="a">Online epub (1.18 MB)</marc:subfield>
    </marc:datafield>
    <marc:datafield tag="500" ind1=" " ind2=" ">
      <marc:subfield code="5">Kas</marc:subfield>
      <marc:subfield code="a">Offline epub med Adobe-kryptering (1.18 MB)</marc:subfield>
    </marc:datafield>
    <marc:datafield tag="500" ind1=" " ind2=" ">
      <marc:subfield code="5">Kniv</marc:subfield>
      <marc:subfield code="a">Online epub (1.18 MB)</marc:subfield>
    </marc:datafield>
    <marc:datafield tag="500" ind1=" " ind2=" ">
      <marc:subfield code="5">Kniv</marc:subfield>
      <marc:subfield code="a">Offline epub med Adobe-kryptering (1.18 MB)</marc:subfield>
    </marc:datafield>
    <marc:datafield tag="500" ind1=" " ind2=" ">
      <marc:subfield code="5">Kssb</marc:subfield>
      <marc:subfield code="a">Online epub (1.18 MB)</marc:subfield>
    </marc:datafield>
    <marc:datafield tag="500" ind1=" " ind2=" ">
      <marc:subfield code="5">Nass</marc:subfield>
      <marc:subfield code="a">Online epub (1.18 MB)</marc:subfield>
    </marc:datafield>
    <marc:datafield tag="500" ind1=" " ind2=" ">
      <marc:subfield code="5">Okb</marc:subfield>
      <marc:subfield code="a">Online epub (1.18 MB)</marc:subfield>
    </marc:datafield>
    <marc:datafield tag="500" ind1=" " ind2=" ">
      <marc:subfield code="5">Okb</marc:subfield>
      <marc:subfield code="a">Offline epub med Adobe-kryptering (1.18 MB)</marc:subfield>
    </marc:datafield>
    <marc:datafield tag="500" ind1=" " ind2=" ">
      <marc:subfield code="5">Os</marc:subfield>
      <marc:subfield code="a">Online epub (1.18 MB)</marc:subfield>
    </marc:datafield>
    <marc:datafield tag="500" ind1=" " ind2=" ">
      <marc:subfield code="5">Os</marc:subfield>
      <marc:subfield code="a">Offline epub med Adobe-kryptering (1.18 MB)</marc:subfield>
    </marc:datafield>
    <marc:datafield tag="500" ind1=" " ind2=" ">
      <marc:subfield code="5">TimE</marc:subfield>
      <marc:subfield code="a">Online epub (1.18 MB)</marc:subfield>
    </marc:datafield>
    <marc:datafield tag="500" ind1=" " ind2=" ">
      <marc:subfield code="5">TimE</marc:subfield>
      <marc:subfield code="a">Offline epub med Adobe-kryptering (1.18 MB)</marc:subfield>
    </marc:datafield>
    <marc:datafield tag="520" ind1=" " ind2=" ">
      <marc:subfield code="a">Peter de Boers levebrd̲ r̃ att stycka och krossa fr̲etag p ̄bestl̃lning. Han r̃ en vl̃br̃gad, cynisk affr̃sman, fd̲d i Indonesien men uppvuxen i Holland med en far som styrde tillvaron med jr̃nhand. Samma hr̄dnackade ml̄medvetenhet har Peter v̲ertagit i sitt professionella liv. En av hans nyaste medarbetare r̃ Nicky Landsaat, en ung kvinna som snabbt visar framft̲terna. Nicky har precis som Peter en brokig bakgrund och bor i ett av Amsterdams ruffigare omrd̄en tillsammans med sin vl̄dsamma far, sin indonesiska mor, en kriminell bror och tv ̄systrar&amp;#xa0;p ̄glid. Nicky r̃ en riktig fighter, och hon har gott om motstn̄dare.D ̄den irakiska sk̃erhetstjñsten ber Peter de Boer att stl̃la till en skandal fr̲ ett stort bensinbolag hamnar han i ett svr̄t dilemma. Men nr̃ man hotar att avslj̲a hans dunkla fr̲flutna kñner Peter sig tvungen att ta uppdraget. Plt̲sligt r̃ bd̄e han och Nicky insnr̃jda i ett livsfarligt spel med motstn̄dare som inte skyr nḡra medel.Hon tackade gudarna r̃ en fristēnde internationell thriller av den hyllade fr̲fattaren till kriminalromanerna om Avdelning Q vid Kp̲enhamnspolisen."Danmarks bs̃ta kriminalfr̲fattare."Politiken&amp;#xd6;verst̃tare: Svante Skoglund,Formgivare: Miroslav Sokcic [Elib]</marc:subfield>
    </marc:datafield>
    <marc:datafield tag="599" ind1=" " ind2=" ">
      <marc:subfield code="a">♯ndrad av Elib 2018-05-30</marc:subfield>
    </marc:datafield>
    <marc:datafield tag="655" ind1=" " ind2="4">
      <marc:subfield code="a">Thriller</marc:subfield>
    </marc:datafield>
    <marc:datafield tag="655" ind1=" " ind2="4">
      <marc:subfield code="a">Krim</marc:subfield>
    </marc:datafield>
    <marc:datafield tag="655" ind1=" " ind2="4">
      <marc:subfield code="a">Fiksjon</marc:subfield>
    </marc:datafield>
    <marc:datafield tag="655" ind1=" " ind2="4">
      <marc:subfield code="a">Psykologisk thriller</marc:subfield>
    </marc:datafield>
    <marc:datafield tag="700" ind1="1" ind2=" ">
      <marc:subfield code="a">Skoglund, Svante</marc:subfield>
      <marc:subfield code="a">http://viaf.org/viaf/311495288</marc:subfield>
      <marc:subfield code="e">trl</marc:subfield>
    </marc:datafield>
    <marc:datafield tag="841" ind1=" " ind2=" ">
      <marc:subfield code="5">BOKR</marc:subfield>
      <marc:subfield code="a">x  a</marc:subfield>
      <marc:subfield code="b">180223||0000|||||000||||||000000</marc:subfield>
      <marc:subfield code="e">1</marc:subfield>
    </marc:datafield>
    <marc:datafield tag="841" ind1=" " ind2=" ">
      <marc:subfield code="5">BinE</marc:subfield>
      <marc:subfield code="a">x  a</marc:subfield>
      <marc:subfield code="b">180706||0000|||||000||||||000000</marc:subfield>
      <marc:subfield code="e">1</marc:subfield>
    </marc:datafield>
    <marc:datafield tag="841" ind1=" " ind2=" ">
      <marc:subfield code="5">Elib</marc:subfield>
      <marc:subfield code="a">x  a</marc:subfield>
      <marc:subfield code="b">180627||0000|||||000||||||000000</marc:subfield>
      <marc:subfield code="e">1</marc:subfield>
    </marc:datafield>
    <marc:datafield tag="841" ind1=" " ind2=" ">
      <marc:subfield code="5">Harj</marc:subfield>
      <marc:subfield code="a">x  a</marc:subfield>
      <marc:subfield code="b">180627||0000|||||000||||||000000</marc:subfield>
      <marc:subfield code="e">1</marc:subfield>
    </marc:datafield>
    <marc:datafield tag="841" ind1=" " ind2=" ">
      <marc:subfield code="5">HibE</marc:subfield>
      <marc:subfield code="a">x  a</marc:subfield>
      <marc:subfield code="b">180627||0000|||||000||||||000000</marc:subfield>
      <marc:subfield code="e">1</marc:subfield>
    </marc:datafield>
    <marc:datafield tag="841" ind1=" " ind2=" ">
      <marc:subfield code="5">Kas</marc:subfield>
      <marc:subfield code="a">x  a</marc:subfield>
      <marc:subfield code="b">190212||0000|||||000||||||000000</marc:subfield>
      <marc:subfield code="e">1</marc:subfield>
    </marc:datafield>
    <marc:datafield tag="841" ind1=" " ind2=" ">
      <marc:subfield code="5">Kniv</marc:subfield>
      <marc:subfield code="a">x  a</marc:subfield>
      <marc:subfield code="b">190222||0000|||||000||||||000000</marc:subfield>
      <marc:subfield code="e">1</marc:subfield>
    </marc:datafield>
    <marc:datafield tag="841" ind1=" " ind2=" ">
      <marc:subfield code="5">Kssb</marc:subfield>
      <marc:subfield code="a">x  a</marc:subfield>
      <marc:subfield code="b">181009||0000|||||000||||||000000</marc:subfield>
      <marc:subfield code="e">1</marc:subfield>
    </marc:datafield>
    <marc:datafield tag="841" ind1=" " ind2=" ">
      <marc:subfield code="5">Nass</marc:subfield>
      <marc:subfield code="a">x  a</marc:subfield>
      <marc:subfield code="b">180706||0000|||||000||||||000000</marc:subfield>
      <marc:subfield code="e">1</marc:subfield>
    </marc:datafield>
    <marc:datafield tag="841" ind1=" " ind2=" ">
      <marc:subfield code="5">Okb</marc:subfield>
      <marc:subfield code="a">x  a</marc:subfield>
      <marc:subfield code="b">190220||0000|||||000||||||000000</marc:subfield>
      <marc:subfield code="e">1</marc:subfield>
    </marc:datafield>
    <marc:datafield tag="841" ind1=" " ind2=" ">
      <marc:subfield code="5">Os</marc:subfield>
      <marc:subfield code="a">x  a</marc:subfield>
      <marc:subfield code="b">190221||0000|||||000||||||000000</marc:subfield>
      <marc:subfield code="e">1</marc:subfield>
    </marc:datafield>
    <marc:datafield tag="841" ind1=" " ind2=" ">
      <marc:subfield code="5">TimE</marc:subfield>
      <marc:subfield code="a">x  a</marc:subfield>
      <marc:subfield code="b">190115||0000|||||000||||||000000</marc:subfield>
      <marc:subfield code="e">1</marc:subfield>
    </marc:datafield>
    <marc:datafield tag="852" ind1=" " ind2=" ">
      <marc:subfield code="5">BOKR</marc:subfield>
      <marc:subfield code="b">BOKR</marc:subfield>
    </marc:datafield>
    <marc:datafield tag="852" ind1=" " ind2=" ">
      <marc:subfield code="5">BinE</marc:subfield>
      <marc:subfield code="b">BinE</marc:subfield>
      <marc:subfield code="c">E-Bok</marc:subfield>
      <marc:subfield code="h">Hc.01/DR</marc:subfield>
      <marc:subfield code="x">origin:Elib</marc:subfield>
      <marc:subfield code="z">Online epub (1.18 MB)</marc:subfield>
    </marc:datafield>
    <marc:datafield tag="852" ind1=" " ind2=" ">
      <marc:subfield code="5">Elib</marc:subfield>
      <marc:subfield code="b">Elib</marc:subfield>
      <marc:subfield code="x">origin:Elib</marc:subfield>
    </marc:datafield>
    <marc:datafield tag="852" ind1=" " ind2=" ">
      <marc:subfield code="5">Harj</marc:subfield>
      <marc:subfield code="b">Harj</marc:subfield>
      <marc:subfield code="c">E-Bok</marc:subfield>
      <marc:subfield code="h">Hc.01/DR</marc:subfield>
      <marc:subfield code="x">origin:Elib</marc:subfield>
      <marc:subfield code="z">Online epub (1.18 MB)</marc:subfield>
    </marc:datafield>
    <marc:datafield tag="852" ind1=" " ind2=" ">
      <marc:subfield code="5">HibE</marc:subfield>
      <marc:subfield code="b">HibE</marc:subfield>
      <marc:subfield code="c">E-Bok</marc:subfield>
      <marc:subfield code="h">Hc.01/DR</marc:subfield>
      <marc:subfield code="x">origin:Elib</marc:subfield>
      <marc:subfield code="z">Online epub (1.18 MB)</marc:subfield>
    </marc:datafield>
    <marc:datafield tag="852" ind1=" " ind2=" ">
      <marc:subfield code="5">Kas</marc:subfield>
      <marc:subfield code="b">Kas</marc:subfield>
      <marc:subfield code="c">E-Bok</marc:subfield>
      <marc:subfield code="h">Hc.01/DR</marc:subfield>
      <marc:subfield code="x">origin:Elib</marc:subfield>
      <marc:subfield code="z">Online epub (1.18 MB)</marc:subfield>
      <marc:subfield code="z">Offline epub med Adobe-kryptering (1.18 MB)</marc:subfield>
    </marc:datafield>
    <marc:datafield tag="852" ind1=" " ind2=" ">
      <marc:subfield code="5">Kniv</marc:subfield>
      <marc:subfield code="b">Kniv</marc:subfield>
      <marc:subfield code="c">E-Bok</marc:subfield>
      <marc:subfield code="h">Hc.01/DR</marc:subfield>
      <marc:subfield code="x">origin:Elib</marc:subfield>
      <marc:subfield code="z">Online epub (1.18 MB)</marc:subfield>
      <marc:subfield code="z">Offline epub med Adobe-kryptering (1.18 MB)</marc:subfield>
    </marc:datafield>
    <marc:datafield tag="852" ind1=" " ind2=" ">
      <marc:subfield code="5">Kssb</marc:subfield>
      <marc:subfield code="b">Kssb</marc:subfield>
      <marc:subfield code="c">E-Bok</marc:subfield>
      <marc:subfield code="h">Hc.01/DR</marc:subfield>
      <marc:subfield code="x">origin:Elib</marc:subfield>
      <marc:subfield code="z">Online epub (1.18 MB)</marc:subfield>
    </marc:datafield>
    <marc:datafield tag="852" ind1=" " ind2=" ">
      <marc:subfield code="5">Nass</marc:subfield>
      <marc:subfield code="b">Nass</marc:subfield>
      <marc:subfield code="c">E-Bok</marc:subfield>
      <marc:subfield code="h">Hc.01/DR</marc:subfield>
      <marc:subfield code="x">origin:Elib</marc:subfield>
      <marc:subfield code="z">Online epub (1.18 MB)</marc:subfield>
    </marc:datafield>
    <marc:datafield tag="852" ind1=" " ind2=" ">
      <marc:subfield code="5">Okb</marc:subfield>
      <marc:subfield code="b">Okb</marc:subfield>
      <marc:subfield code="c">E-Bok</marc:subfield>
      <marc:subfield code="h">Hc.01/DR</marc:subfield>
      <marc:subfield code="x">origin:Elib</marc:subfield>
      <marc:subfield code="z">Online epub (1.18 MB)</marc:subfield>
      <marc:subfield code="z">Offline epub med Adobe-kryptering (1.18 MB)</marc:subfield>
    </marc:datafield>
    <marc:datafield tag="852" ind1=" " ind2=" ">
      <marc:subfield code="5">Os</marc:subfield>
      <marc:subfield code="b">Os</marc:subfield>
      <marc:subfield code="c">E-Bok</marc:subfield>
      <marc:subfield code="h">Hc.01/DR</marc:subfield>
      <marc:subfield code="x">origin:Elib</marc:subfield>
      <marc:subfield code="z">Online epub (1.18 MB)</marc:subfield>
      <marc:subfield code="z">Offline epub med Adobe-kryptering (1.18 MB)</marc:subfield>
    </marc:datafield>
    <marc:datafield tag="852" ind1=" " ind2=" ">
      <marc:subfield code="5">TimE</marc:subfield>
      <marc:subfield code="b">TimE</marc:subfield>
      <marc:subfield code="c">E-Bok</marc:subfield>
      <marc:subfield code="h">Hc.01/DR</marc:subfield>
      <marc:subfield code="x">origin:Elib</marc:subfield>
      <marc:subfield code="z">Online epub (1.18 MB)</marc:subfield>
      <marc:subfield code="z">Offline epub med Adobe-kryptering (1.18 MB)</marc:subfield>
    </marc:datafield>
    <marc:datafield tag="856" ind1="4" ind2="2">
      <marc:subfield code="5">HibE</marc:subfield>
      <marc:subfield code="u">http://hb.elib.se/Books/Details/1059670</marc:subfield>
      <marc:subfield code="x">origin:Elib</marc:subfield>
      <marc:subfield code="z">Ln̄a frn̄ ditt bibliotek. Ln̄ekort krṽs.</marc:subfield>
    </marc:datafield>
    <marc:datafield tag="887" ind1=" " ind2=" ">
      <marc:subfield code="a">{"@id":"k3wc8sww385tz06","modified":"2018-05-31T14:47:47+02:00","checksum":"104472931166"}</marc:subfield>
      <marc:subfield code="2">librisxl</marc:subfield>
    </marc:datafield>
    <marc:datafield tag="887" ind1=" " ind2=" ">
      <marc:subfield code="5">BOKR</marc:subfield>
      <marc:subfield code="a">{"@id":"hmv9261n3s9bhv2","modified":"2018-09-06T09:08:25.241+02:00","checksum":"33612244902"}</marc:subfield>
      <marc:subfield code="2">librisxl</marc:subfield>
    </marc:datafield>
    <marc:datafield tag="887" ind1=" " ind2=" ">
      <marc:subfield code="5">BinE</marc:subfield>
      <marc:subfield code="a">{"@id":"18xx3ppsz7vc178c","modified":"2018-07-06T14:19:14.597+02:00","checksum":"24574877825"}</marc:subfield>
      <marc:subfield code="2">librisxl</marc:subfield>
    </marc:datafield>
    <marc:datafield tag="887" ind1=" " ind2=" ">
      <marc:subfield code="5">Elib</marc:subfield>
      <marc:subfield code="a">{"@id":"3bzww4qr1dkbw4nz","modified":"2019-02-22T09:51:30.06+01:00","checksum":"26591452827"}</marc:subfield>
      <marc:subfield code="2">librisxl</marc:subfield>
    </marc:datafield>
    <marc:datafield tag="887" ind1=" " ind2=" ">
      <marc:subfield code="5">Harj</marc:subfield>
      <marc:subfield code="a">{"@id":"v3qnn6v8s5j917k4","modified":"2018-06-27T12:26:26.253+02:00","checksum":"16943677125"}</marc:subfield>
      <marc:subfield code="2">librisxl</marc:subfield>
    </marc:datafield>
    <marc:datafield tag="887" ind1=" " ind2=" ">
      <marc:subfield code="5">HibE</marc:subfield>
      <marc:subfield code="a">{"@id":"jrdbbk58gmgjcsrj","modified":"2018-06-27T12:22:40.648+02:00","checksum":"18546086575"}</marc:subfield>
      <marc:subfield code="2">librisxl</marc:subfield>
    </marc:datafield>
    <marc:datafield tag="887" ind1=" " ind2=" ">
      <marc:subfield code="5">Kas</marc:subfield>
      <marc:subfield code="a">{"@id":"2bv4psjs0x0czs9f","modified":"2019-02-12T11:54:33.129+01:00","checksum":"17471934144"}</marc:subfield>
      <marc:subfield code="2">librisxl</marc:subfield>
    </marc:datafield>
    <marc:datafield tag="887" ind1=" " ind2=" ">
      <marc:subfield code="5">Kniv</marc:subfield>
      <marc:subfield code="a">{"@id":"r1l0n2s4p21qm4p0","modified":"2019-02-22T09:51:30.117+01:00","checksum":"27628703455"}</marc:subfield>
      <marc:subfield code="2">librisxl</marc:subfield>
    </marc:datafield>
    <marc:datafield tag="887" ind1=" " ind2=" ">
      <marc:subfield code="5">Kssb</marc:subfield>
      <marc:subfield code="a">{"@id":"cmnh7dk59dbvn0w3","modified":"2018-10-09T14:19:29.001+02:00","checksum":"19986280858"}</marc:subfield>
      <marc:subfield code="2">librisxl</marc:subfield>
    </marc:datafield>
    <marc:datafield tag="887" ind1=" " ind2=" ">
      <marc:subfield code="5">Nass</marc:subfield>
      <marc:subfield code="a">{"@id":"9j66czzz7hk34lqq","modified":"2018-07-06T14:19:14.493+02:00","checksum":"18719592516"}</marc:subfield>
      <marc:subfield code="2">librisxl</marc:subfield>
    </marc:datafield>
    <marc:datafield tag="887" ind1=" " ind2=" ">
      <marc:subfield code="5">Okb</marc:subfield>
      <marc:subfield code="a">{"@id":"t3nvbwflr5tkbbnh","modified":"2019-02-20T14:36:36.777+01:00","checksum":"20907806431"}</marc:subfield>
      <marc:subfield code="2">librisxl</marc:subfield>
    </marc:datafield>
    <marc:datafield tag="887" ind1=" " ind2=" ">
      <marc:subfield code="5">Os</marc:subfield>
      <marc:subfield code="a">{"@id":"ktdp5vhgh42151tq","modified":"2019-02-21T11:34:57.894+01:00","checksum":"17598418131"}</marc:subfield>
      <marc:subfield code="2">librisxl</marc:subfield>
    </marc:datafield>
    <marc:datafield tag="887" ind1=" " ind2=" ">
      <marc:subfield code="5">TimE</marc:subfield>
      <marc:subfield code="a">{"@id":"mw9d3s7bkpx0w435","modified":"2019-01-15T14:24:27.718+01:00","checksum":"22376460610"}</marc:subfield>
      <marc:subfield code="2">librisxl</marc:subfield>
    </marc:datafield>
    <marc:datafield tag="900" ind1="1" ind2="s">
      <marc:subfield code="6">100</marc:subfield>
      <marc:subfield code="a">Olsen, Jussi Adler</marc:subfield>
      <marc:subfield code="u">Adler-Olsen, Jussi</marc:subfield>
    </marc:datafield>
    <marc:datafield tag="955" ind1=" " ind2="k">
      <marc:subfield code="6">655</marc:subfield>
      <marc:subfield code="w">g</marc:subfield>
      <marc:subfield code="a">Skn̲litteratur</marc:subfield>
      <marc:subfield code="u">Romaner</marc:subfield>
    </marc:datafield>
    <marc:datafield tag="955" ind1=" " ind2="k">
      <marc:subfield code="6">655</marc:subfield>
      <marc:subfield code="w">h</marc:subfield>
      <marc:subfield code="a">Brevromaner</marc:subfield>
      <marc:subfield code="u">Romaner</marc:subfield>
    </marc:datafield>
    <marc:datafield tag="955" ind1=" " ind2="k">
      <marc:subfield code="6">655</marc:subfield>
      <marc:subfield code="w">h</marc:subfield>
      <marc:subfield code="a">Dagboksromaner</marc:subfield>
      <marc:subfield code="u">Romaner</marc:subfield>
    </marc:datafield>
    <marc:datafield tag="955" ind1=" " ind2="k">
      <marc:subfield code="6">655</marc:subfield>
      <marc:subfield code="w">h</marc:subfield>
      <marc:subfield code="a">Kollektivromaner</marc:subfield>
      <marc:subfield code="u">Romaner</marc:subfield>
    </marc:datafield>
    <marc:datafield tag="955" ind1=" " ind2="k">
      <marc:subfield code="6">655</marc:subfield>
      <marc:subfield code="w">h</marc:subfield>
      <marc:subfield code="a">Nyckelromaner</marc:subfield>
      <marc:subfield code="u">Romaner</marc:subfield>
    </marc:datafield>
    <marc:datafield tag="955" ind1=" " ind2="k">
      <marc:subfield code="6">655</marc:subfield>
      <marc:subfield code="w">h</marc:subfield>
      <marc:subfield code="a">Pikareskromaner</marc:subfield>
      <marc:subfield code="u">Romaner</marc:subfield>
    </marc:datafield>
    <marc:datafield tag="955" ind1=" " ind2="k">
      <marc:subfield code="6">655</marc:subfield>
      <marc:subfield code="w">h</marc:subfield>
      <marc:subfield code="a">Serieromaner</marc:subfield>
      <marc:subfield code="u">Romaner</marc:subfield>
    </marc:datafield>
    <marc:datafield tag="955" ind1=" " ind2="k">
      <marc:subfield code="6">655</marc:subfield>
      <marc:subfield code="w">h</marc:subfield>
      <marc:subfield code="a">Utvecklingsromaner</marc:subfield>
      <marc:subfield code="u">Romaner</marc:subfield>
    </marc:datafield>
  </marc:record>