
  <marc:record>
    <marc:leader>02656cam a22006377a 4500</marc:leader>
    <marc:controlfield tag="001">21794025</marc:controlfield>
    <marc:controlfield tag="003">LIBRIS</marc:controlfield>
    <marc:controlfield tag="005">20180502135938.0</marc:controlfield>
    <marc:controlfield tag="008">171025s2017    xxk|||||||||||000 1|eng|d</marc:controlfield>
    <marc:datafield tag="020" ind1=" " ind2=" ">
      <marc:subfield code="a">9781784295998</marc:subfield>
      <marc:subfield code="q">pocket</marc:subfield>
    </marc:datafield>
    <marc:datafield tag="035" ind1=" " ind2=" ">
      <marc:subfield code="a">(BOKR)9781784295998</marc:subfield>
    </marc:datafield>
    <marc:datafield tag="040" ind1=" " ind2=" ">
      <marc:subfield code="a">BOKR</marc:subfield>
      <marc:subfield code="d">Vasb</marc:subfield>
      <marc:subfield code="e">a</marc:subfield>
    </marc:datafield>
    <marc:datafield tag="041" ind1="1" ind2=" ">
      <marc:subfield code="a">eng</marc:subfield>
      <marc:subfield code="h">dan</marc:subfield>
    </marc:datafield>
    <marc:datafield tag="082" ind1="0" ind2="4">
      <marc:subfield code="a">820</marc:subfield>
      <marc:subfield code="2">22 (machine generated)</marc:subfield>
    </marc:datafield>
    <marc:datafield tag="084" ind1=" " ind2=" ">
      <marc:subfield code="a">Heeda.01</marc:subfield>
      <marc:subfield code="2">kssb/8</marc:subfield>
    </marc:datafield>
    <marc:datafield tag="100" ind1="1" ind2=" ">
      <marc:subfield code="a">Adler-Olsen, Jussi</marc:subfield>
      <marc:subfield code="4">aut</marc:subfield>
      <marc:subfield code="0">http://viaf.org/viaf/87407021</marc:subfield>
    </marc:datafield>
    <marc:datafield tag="240" ind1="1" ind2="0">
      <marc:subfield code="a">Selfies.</marc:subfield>
      <marc:subfield code="0">http://viaf.org/viaf/4895149068580565730005</marc:subfield>
    </marc:datafield>
    <marc:datafield tag="245" ind1="1" ind2="4">
      <marc:subfield code="a">The scarred woman</marc:subfield>
      <marc:subfield code="c">Adler-Olsen, Jussi</marc:subfield>
    </marc:datafield>
    <marc:datafield tag="260" ind1=" " ind2="">
      <marc:subfield code="a">London</marc:subfield>
      <marc:subfield code="b">Quercus</marc:subfield>
      <marc:subfield code="c">2017</marc:subfield>
    </marc:datafield>
    <marc:datafield tag="300" ind1=" " ind2=" ">
      <marc:subfield code="a">472 sidor</marc:subfield>
    </marc:datafield>
    <marc:datafield tag="336" ind1=" " ind2=" ">
      <marc:subfield code="a">text</marc:subfield>
      <marc:subfield code="b">txt</marc:subfield>
      <marc:subfield code="0">http://rdaregistry.info/termList/RDAContentType/1020</marc:subfield>
      <marc:subfield code="2">rdacontent</marc:subfield>
    </marc:datafield>
    <marc:datafield tag="337" ind1=" " ind2=" ">
      <marc:subfield code="a">unmediated</marc:subfield>
      <marc:subfield code="b">n</marc:subfield>
      <marc:subfield code="0">http://rdaregistry.info/termList/RDAMediaType/1007</marc:subfield>
      <marc:subfield code="2">rdamedia</marc:subfield>
    </marc:datafield>
    <marc:datafield tag="338" ind1=" " ind2=" ">
      <marc:subfield code="b">volume</marc:subfield>
      <marc:subfield code="b">nc</marc:subfield>
      <marc:subfield code="0">http://rdaregistry.info/termList/RDACarrierType/1049</marc:subfield>
      <marc:subfield code="2">rdacarrier</marc:subfield>
    </marc:datafield>
    <marc:datafield tag="380" ind1=" " ind2=" ">
      <marc:subfield code="a">roman</marc:subfield>
      <marc:subfield code="0">http://id.loc.gov/entities/providers/d638d193eb29ac87c0950ab36b80e0e8</marc:subfield>
      <marc:subfield code="2">LCSH</marc:subfield>
    </marc:datafield>
    <marc:datafield tag="600" ind1="1" ind2="4">
      <marc:subfield code="a">Mørck, Carl</marc:subfield>
      <marc:subfield code="c">Fiktiv karakter</marc:subfield>
      <marc:subfield code="e">dpc</marc:subfield>
    </marc:datafield>
    <marc:datafield tag="651" ind1=" " ind2="7">
      <marc:subfield code="a">Danmark</marc:subfield>
      <marc:subfield code="z">Kp̲enhamn</marc:subfield>
      <marc:subfield code="0">https://id.kb.se/term/sao/Danmark--K%C3%B6penhamn</marc:subfield>
      <marc:subfield code="2">sao</marc:subfield>
    </marc:datafield>
    <marc:datafield tag="655" ind1=" " ind2="4">
      <marc:subfield code="a">Thriller</marc:subfield>
    </marc:datafield>
    <marc:datafield tag="655" ind1=" " ind2="4">
      <marc:subfield code="a">Krim</marc:subfield>
    </marc:datafield>
    <marc:datafield tag="655" ind1=" " ind2="4">
      <marc:subfield code="a">Fiksjon</marc:subfield>
    </marc:datafield>
    <marc:datafield tag="700" ind1="1" ind2=" ">
      <marc:subfield code="a">Frost, William</marc:subfield>
      <marc:subfield code="0">http://viaf.org/viaf/316789771</marc:subfield>
      <marc:subfield code="e">trl</marc:subfield>
    </marc:datafield>
    <marc:datafield tag="841" ind1=" " ind2=" ">
      <marc:subfield code="5">BOKR</marc:subfield>
      <marc:subfield code="a">x  a</marc:subfield>
      <marc:subfield code="b">171025||0000|||||000||||||000000</marc:subfield>
      <marc:subfield code="e">1</marc:subfield>
    </marc:datafield>
    <marc:datafield tag="841" ind1=" " ind2=" ">
      <marc:subfield code="5">Vasb</marc:subfield>
      <marc:subfield code="a">x  a</marc:subfield>
      <marc:subfield code="b">180412||0000|||||000||||||000000</marc:subfield>
      <marc:subfield code="e">|</marc:subfield>
    </marc:datafield>
    <marc:datafield tag="852" ind1=" " ind2=" ">
      <marc:subfield code="5">BOKR</marc:subfield>
      <marc:subfield code="b">BOKR</marc:subfield>
    </marc:datafield>
    <marc:datafield tag="852" ind1=" " ind2=" ">
      <marc:subfield code="5">Vasb</marc:subfield>
      <marc:subfield code="b">Vasb</marc:subfield>
      <marc:subfield code="h">He</marc:subfield>
    </marc:datafield>
    <marc:datafield tag="887" ind1=" " ind2=" ">
      <marc:subfield code="a">{"@id":"5phx2n2h26m0h67","modified":"2018-05-02T13:59:38+02:00","checksum":"159324377263"}</marc:subfield>
      <marc:subfield code="2">librisxl</marc:subfield>
    </marc:datafield>
    <marc:datafield tag="887" ind1=" " ind2=" ">
      <marc:subfield code="5">BOKR</marc:subfield>
      <marc:subfield code="a">{"@id":"mr0b3r9s4klhsd9","modified":"2017-10-25T11:03:24+02:00","checksum":"36988923601"}</marc:subfield>
      <marc:subfield code="2">librisxl</marc:subfield>
    </marc:datafield>
    <marc:datafield tag="887" ind1=" " ind2=" ">
      <marc:subfield code="5">Vasb</marc:subfield>
      <marc:subfield code="a">{"@id":"9fn4h8fg18n1xk2","modified":"2018-05-02T13:59:51+02:00","checksum":"31688750347"}</marc:subfield>
      <marc:subfield code="2">librisxl</marc:subfield>
    </marc:datafield>
    <marc:datafield tag="900" ind1="1" ind2="s">
      <marc:subfield code="6">100</marc:subfield>
      <marc:subfield code="a">Olsen, Jussi Adler</marc:subfield>
      <marc:subfield code="u">Adler-Olsen, Jussi</marc:subfield>
    </marc:datafield>
    <marc:datafield tag="951" ind1=" " ind2="s">
      <marc:subfield code="6">651</marc:subfield>
      <marc:subfield code="w">||e</marc:subfield>
      <marc:subfield code="a">Kp̲enhamn</marc:subfield>
      <marc:subfield code="u">Danmark</marc:subfield>
      <marc:subfield code="z">Kp̲enhamn</marc:subfield>
    </marc:datafield>
    <marc:datafield tag="951" ind1=" " ind2="s">
      <marc:subfield code="6">651</marc:subfield>
      <marc:subfield code="a">Kb̜enhavn</marc:subfield>
      <marc:subfield code="u">Danmark</marc:subfield>
      <marc:subfield code="z">Kp̲enhamn</marc:subfield>
    </marc:datafield>
    <marc:datafield tag="955" ind1=" " ind2="k">
      <marc:subfield code="6">655</marc:subfield>
      <marc:subfield code="w">g</marc:subfield>
      <marc:subfield code="a">Skn̲litteratur</marc:subfield>
      <marc:subfield code="u">Romaner</marc:subfield>
    </marc:datafield>
    <marc:datafield tag="955" ind1=" " ind2="k">
      <marc:subfield code="6">655</marc:subfield>
      <marc:subfield code="w">h</marc:subfield>
      <marc:subfield code="a">Brevromaner</marc:subfield>
      <marc:subfield code="u">Romaner</marc:subfield>
    </marc:datafield>
    <marc:datafield tag="955" ind1=" " ind2="k">
      <marc:subfield code="6">655</marc:subfield>
      <marc:subfield code="w">h</marc:subfield>
      <marc:subfield code="a">Dagboksromaner</marc:subfield>
      <marc:subfield code="u">Romaner</marc:subfield>
    </marc:datafield>
    <marc:datafield tag="955" ind1=" " ind2="k">
      <marc:subfield code="6">655</marc:subfield>
      <marc:subfield code="w">h</marc:subfield>
      <marc:subfield code="a">Kollektivromaner</marc:subfield>
      <marc:subfield code="u">Romaner</marc:subfield>
    </marc:datafield>
    <marc:datafield tag="955" ind1=" " ind2="k">
      <marc:subfield code="6">655</marc:subfield>
      <marc:subfield code="w">h</marc:subfield>
      <marc:subfield code="a">Nyckelromaner</marc:subfield>
      <marc:subfield code="u">Romaner</marc:subfield>
    </marc:datafield>
    <marc:datafield tag="955" ind1=" " ind2="k">
      <marc:subfield code="6">655</marc:subfield>
      <marc:subfield code="w">h</marc:subfield>
      <marc:subfield code="a">Pikareskromaner</marc:subfield>
      <marc:subfield code="u">Romaner</marc:subfield>
    </marc:datafield>
    <marc:datafield tag="955" ind1=" " ind2="k">
      <marc:subfield code="6">655</marc:subfield>
      <marc:subfield code="w">h</marc:subfield>
      <marc:subfield code="a">Serieromaner</marc:subfield>
      <marc:subfield code="u">Romaner</marc:subfield>
    </marc:datafield>
    <marc:datafield tag="955" ind1=" " ind2="k">
      <marc:subfield code="6">655</marc:subfield>
      <marc:subfield code="w">h</marc:subfield>
      <marc:subfield code="a">Utvecklingsromaner</marc:subfield>
      <marc:subfield code="u">Romaner</marc:subfield>
    </marc:datafield>
    <marc:datafield tag="955" ind1=" " ind2="s">
      <marc:subfield code="6">655</marc:subfield>
      <marc:subfield code="a">Detektivromaner</marc:subfield>
      <marc:subfield code="u">Deckare</marc:subfield>
    </marc:datafield>
    <marc:datafield tag="955" ind1=" " ind2="s">
      <marc:subfield code="6">655</marc:subfield>
      <marc:subfield code="w">||e</marc:subfield>
      <marc:subfield code="a">Historiska deckare</marc:subfield>
      <marc:subfield code="u">Deckare</marc:subfield>
    </marc:datafield>
    <marc:datafield tag="955" ind1=" " ind2="s">
      <marc:subfield code="6">655</marc:subfield>
      <marc:subfield code="w">||e</marc:subfield>
      <marc:subfield code="a">Hr̄dkokta deckare</marc:subfield>
      <marc:subfield code="u">Deckare</marc:subfield>
    </marc:datafield>
    <marc:datafield tag="955" ind1=" " ind2="s">
      <marc:subfield code="6">655</marc:subfield>
      <marc:subfield code="a">Kriminalromaner</marc:subfield>
      <marc:subfield code="u">Deckare</marc:subfield>
    </marc:datafield>
    <marc:datafield tag="955" ind1=" " ind2="s">
      <marc:subfield code="6">655</marc:subfield>
      <marc:subfield code="w">||e</marc:subfield>
      <marc:subfield code="a">Politiromaner</marc:subfield>
      <marc:subfield code="u">Deckare</marc:subfield>
    </marc:datafield>
    <marc:datafield tag="955" ind1=" " ind2="s">
      <marc:subfield code="6">655</marc:subfield>
      <marc:subfield code="w">||e</marc:subfield>
      <marc:subfield code="a">Psykologiska deckare</marc:subfield>
      <marc:subfield code="u">Deckare</marc:subfield>
    </marc:datafield>
    <marc:datafield tag="955" ind1=" " ind2="s">
      <marc:subfield code="6">655</marc:subfield>
      <marc:subfield code="w">||e</marc:subfield>
      <marc:subfield code="a">Pusseldeckare</marc:subfield>
      <marc:subfield code="u">Deckare</marc:subfield>
    </marc:datafield>
    <marc:datafield tag="955" ind1=" " ind2="k">
      <marc:subfield code="6">655</marc:subfield>
      <marc:subfield code="w">g</marc:subfield>
      <marc:subfield code="a">Skn̲litteratur</marc:subfield>
      <marc:subfield code="u">Deckare</marc:subfield>
    </marc:datafield>
  </marc:record>