
  <marc:record>
    <marc:leader>05524cam a2201261 i 4500</marc:leader>
    <marc:controlfield tag="001">21731874</marc:controlfield>
    <marc:controlfield tag="003">LIBRIS</marc:controlfield>
    <marc:controlfield tag="005">20171030084002.0</marc:controlfield>
    <marc:controlfield tag="008">171016s2018    sw |||||||||||000 f|swe|c</marc:controlfield>
    <marc:datafield tag="020" ind1=" " ind2=" ">
      <marc:subfield code="a">9789100175337</marc:subfield>
      <marc:subfield code="q">inbunden</marc:subfield>
    </marc:datafield>
    <marc:datafield tag="040" ind1=" " ind2=" ">
      <marc:subfield code="a">S</marc:subfield>
      <marc:subfield code="b">swe</marc:subfield>
      <marc:subfield code="d">L</marc:subfield>
      <marc:subfield code="e">i</marc:subfield>
      <marc:subfield code="e">rda</marc:subfield>
    </marc:datafield>
    <marc:datafield tag="041" ind1="1" ind2=" ">
      <marc:subfield code="a">swe</marc:subfield>
      <marc:subfield code="h">dan</marc:subfield>
    </marc:datafield>
    <marc:datafield tag="042" ind1=" " ind2=" ">
      <marc:subfield code="9">NB</marc:subfield>
    </marc:datafield>
    <marc:datafield tag="082" ind1="0" ind2="4">
      <marc:subfield code="a">839.8138</marc:subfield>
      <marc:subfield code="2">23/swe</marc:subfield>
    </marc:datafield>
    <marc:datafield tag="100" ind1="1" ind2=" ">
      <marc:subfield code="a">Adler-Olsen, Jussi</marc:subfield>
      <marc:subfield code="4">aut</marc:subfield>
      <marc:subfield code="0">http://viaf.org/viaf/87407021</marc:subfield>
    </marc:datafield>
    <marc:datafield tag="240" ind1="1" ind2="0">
      <marc:subfield code="a">Fasandræberne</marc:subfield>
      <marc:subfield code="0">http://viaf.org/viaf/4865151656240008400001</marc:subfield>
    </marc:datafield>
    <marc:datafield tag="245" ind1="1" ind2="0">
      <marc:subfield code="a">Fasanjägarna</marc:subfield>
      <marc:subfield code="c">Adler-Olsen, Jussi</marc:subfield>
    </marc:datafield>
    <marc:datafield tag="260" ind1=" " ind2="">
      <marc:subfield code="a">Stockholm</marc:subfield>
      <marc:subfield code="b">Albert Bonniers förlag</marc:subfield>
      <marc:subfield code="c">2018</marc:subfield>
    </marc:datafield>
    <marc:datafield tag="300" ind1=" " ind2=" ">
      <marc:subfield code="a">367 sidor</marc:subfield>
      <marc:subfield code="c">23 cm</marc:subfield>
    </marc:datafield>
    <marc:datafield tag="336" ind1=" " ind2=" ">
      <marc:subfield code="a">text</marc:subfield>
      <marc:subfield code="b">txt</marc:subfield>
      <marc:subfield code="0">http://rdaregistry.info/termList/RDAContentType/1020</marc:subfield>
      <marc:subfield code="2">rdacontent</marc:subfield>
    </marc:datafield>
    <marc:datafield tag="337" ind1=" " ind2=" ">
      <marc:subfield code="a">unmediated</marc:subfield>
      <marc:subfield code="b">n</marc:subfield>
      <marc:subfield code="0">http://rdaregistry.info/termList/RDAMediaType/1007</marc:subfield>
      <marc:subfield code="2">rdamedia</marc:subfield>
    </marc:datafield>
    <marc:datafield tag="338" ind1=" " ind2=" ">
      <marc:subfield code="b">volume</marc:subfield>
      <marc:subfield code="b">nc</marc:subfield>
      <marc:subfield code="0">http://rdaregistry.info/termList/RDACarrierType/1049</marc:subfield>
      <marc:subfield code="2">rdacarrier</marc:subfield>
    </marc:datafield>
    <marc:datafield tag="340" ind1=" " ind2=" ">
      <marc:subfield code="b">23 cm</marc:subfield>
    </marc:datafield>
    <marc:datafield tag="380" ind1=" " ind2=" ">
      <marc:subfield code="a">roman</marc:subfield>
      <marc:subfield code="0">http://id.loc.gov/entities/providers/d638d193eb29ac87c0950ab36b80e0e8</marc:subfield>
      <marc:subfield code="2">LCSH</marc:subfield>
    </marc:datafield>
    <marc:datafield tag="830" ind1="1" ind2=" ">
      <marc:subfield code="a">Avdelning Q</marc:subfield>
      <marc:subfield code="v">2</marc:subfield>
      <marc:subfield code="1">https://musicbrainz.org/series/9b97c04b-99ed-4e16-abff-be948e391674</marc:subfield>
    </marc:datafield>
    <marc:datafield tag="500" ind1=" " ind2=" ">
      <marc:subfield code="a">Fr̲sta svenska upplaga 2011</marc:subfield>
    </marc:datafield>
    <marc:datafield tag="599" ind1=" " ind2=" ">
      <marc:subfield code="5">S</marc:subfield>
      <marc:subfield code="a">nbv201742</marc:subfield>
    </marc:datafield>
    <marc:datafield tag="600" ind1="1" ind2="4">
      <marc:subfield code="a">Mørck, Carl</marc:subfield>
      <marc:subfield code="c">Fiktiv karakter</marc:subfield>
      <marc:subfield code="e">dpc</marc:subfield>
    </marc:datafield>
    <marc:datafield tag="650" ind1=" " ind2="4">
      <marc:subfield code="a">Politi</marc:subfield>
    </marc:datafield>
    <marc:datafield tag="650" ind1=" " ind2="4">
      <marc:subfield code="a">Drap</marc:subfield>
    </marc:datafield>
    <marc:datafield tag="650" ind1=" " ind2="4">
      <marc:subfield code="a">Kriminalitet</marc:subfield>
    </marc:datafield>
    <marc:datafield tag="650" ind1=" " ind2="4">
      <marc:subfield code="a">Korrupsjon</marc:subfield>
    </marc:datafield>
    <marc:datafield tag="650" ind1=" " ind2="4">
      <marc:subfield code="a">Kidnappinger</marc:subfield>
    </marc:datafield>
    <marc:datafield tag="650" ind1=" " ind2="4">
      <marc:subfield code="a">Psykologi</marc:subfield>
    </marc:datafield>
    <marc:datafield tag="651" ind1=" " ind2="7">
      <marc:subfield code="a">Danmark</marc:subfield>
      <marc:subfield code="z">Køb̲enhamn</marc:subfield>
      <marc:subfield code="0">https://id.kb.se/term/sao/Danmark--K%C3%B6penhamn</marc:subfield>
      <marc:subfield code="2">sao</marc:subfield>
    </marc:datafield>
    <marc:datafield tag="655" ind1=" " ind2="4">
      <marc:subfield code="a">Thriller</marc:subfield>
    </marc:datafield>
    <marc:datafield tag="655" ind1=" " ind2="4">
      <marc:subfield code="a">Krim</marc:subfield>
    </marc:datafield>
    <marc:datafield tag="655" ind1=" " ind2="4">
      <marc:subfield code="a">Fiksjon</marc:subfield>
    </marc:datafield>
    <marc:datafield tag="700" ind1="1" ind2=" ">
      <marc:subfield code="a">Jacobsen, Leif</marc:subfield>
      <marc:subfield code="e">trl</marc:subfield>
      <marc:subfield code="0">http://viaf.org/viaf/168668724</marc:subfield>
    </marc:datafield>
    <marc:datafield tag="800" ind1="1" ind2=" ">
      <marc:subfield code="a">Adler-Olsen, Jussi.</marc:subfield>
      <marc:subfield code="t">Afdeling [Q].</marc:subfield>
      <marc:subfield code="l">Svenska</marc:subfield>
      <marc:subfield code="v">2</marc:subfield>
    </marc:datafield>
    <marc:datafield tag="841" ind1=" " ind2=" ">
      <marc:subfield code="5">BOKR</marc:subfield>
      <marc:subfield code="a">x  a</marc:subfield>
      <marc:subfield code="b">180117||0000|||||000||||||000000</marc:subfield>
      <marc:subfield code="e">1</marc:subfield>
    </marc:datafield>
    <marc:datafield tag="841" ind1=" " ind2=" ">
      <marc:subfield code="5">Falk</marc:subfield>
      <marc:subfield code="a">x  2</marc:subfield>
      <marc:subfield code="b">190108||0000|||||000||||||000000</marc:subfield>
      <marc:subfield code="e">|</marc:subfield>
    </marc:datafield>
    <marc:datafield tag="841" ind1=" " ind2=" ">
      <marc:subfield code="5">Kld1</marc:subfield>
      <marc:subfield code="a">x  a</marc:subfield>
      <marc:subfield code="b">180205||0000|||||000||||||000000</marc:subfield>
      <marc:subfield code="e">|</marc:subfield>
    </marc:datafield>
    <marc:datafield tag="841" ind1=" " ind2=" ">
      <marc:subfield code="5">L</marc:subfield>
      <marc:subfield code="a">x  a</marc:subfield>
      <marc:subfield code="b">1710304|00008|||1001|||||0901128</marc:subfield>
      <marc:subfield code="e">4</marc:subfield>
    </marc:datafield>
    <marc:datafield tag="841" ind1=" " ind2=" ">
      <marc:subfield code="5">S</marc:subfield>
      <marc:subfield code="a">x  a</marc:subfield>
      <marc:subfield code="b">171016||0000|||||001||||||000000</marc:subfield>
      <marc:subfield code="e">1</marc:subfield>
    </marc:datafield>
    <marc:datafield tag="841" ind1=" " ind2=" ">
      <marc:subfield code="5">U</marc:subfield>
      <marc:subfield code="a">xo a</marc:subfield>
      <marc:subfield code="b">1711104|00008|||1001|||||0901128</marc:subfield>
      <marc:subfield code="e">4</marc:subfield>
    </marc:datafield>
    <marc:datafield tag="841" ind1=" " ind2=" ">
      <marc:subfield code="5">Udd</marc:subfield>
      <marc:subfield code="a">x  a</marc:subfield>
      <marc:subfield code="b">190125||0000|||||000||||||000000</marc:subfield>
      <marc:subfield code="e">1</marc:subfield>
    </marc:datafield>
    <marc:datafield tag="841" ind1=" " ind2=" ">
      <marc:subfield code="5">Um</marc:subfield>
      <marc:subfield code="a">x  a</marc:subfield>
      <marc:subfield code="b">190204||0000|||||000||||||000000</marc:subfield>
      <marc:subfield code="e">1</marc:subfield>
    </marc:datafield>
    <marc:datafield tag="841" ind1=" " ind2=" ">
      <marc:subfield code="5">Umdp</marc:subfield>
      <marc:subfield code="a">x  a</marc:subfield>
      <marc:subfield code="b">1711074|00008|||1001|||||0901128</marc:subfield>
      <marc:subfield code="e">1</marc:subfield>
    </marc:datafield>
    <marc:datafield tag="852" ind1=" " ind2=" ">
      <marc:subfield code="5">BOKR</marc:subfield>
      <marc:subfield code="b">BOKR</marc:subfield>
    </marc:datafield>
    <marc:datafield tag="852" ind1=" " ind2=" ">
      <marc:subfield code="5">Falk</marc:subfield>
      <marc:subfield code="b">Falk</marc:subfield>
    </marc:datafield>
    <marc:datafield tag="852" ind1=" " ind2=" ">
      <marc:subfield code="5">Kld1</marc:subfield>
      <marc:subfield code="b">Kld1</marc:subfield>
    </marc:datafield>
    <marc:datafield tag="852" ind1=" " ind2=" ">
      <marc:subfield code="5">L</marc:subfield>
      <marc:subfield code="b">L</marc:subfield>
      <marc:subfield code="h">17/</marc:subfield>
      <marc:subfield code="j">5905</marc:subfield>
      <marc:subfield code="x">sp</marc:subfield>
    </marc:datafield>
    <marc:datafield tag="852" ind1=" " ind2=" ">
      <marc:subfield code="5">S</marc:subfield>
      <marc:subfield code="b">S</marc:subfield>
      <marc:subfield code="h">Sv2017</marc:subfield>
      <marc:subfield code="j">7678</marc:subfield>
      <marc:subfield code="x">nb2017mon</marc:subfield>
      <marc:subfield code="x">annwen</marc:subfield>
    </marc:datafield>
    <marc:datafield tag="852" ind1=" " ind2=" ">
      <marc:subfield code="5">U</marc:subfield>
      <marc:subfield code="b">U</marc:subfield>
      <marc:subfield code="h">Magasin H</marc:subfield>
      <marc:subfield code="j">33194</marc:subfield>
    </marc:datafield>
    <marc:datafield tag="852" ind1=" " ind2=" ">
      <marc:subfield code="5">Udd</marc:subfield>
      <marc:subfield code="b">Udd</marc:subfield>
      <marc:subfield code="h">Hce</marc:subfield>
    </marc:datafield>
    <marc:datafield tag="852" ind1=" " ind2=" ">
      <marc:subfield code="5">Um</marc:subfield>
      <marc:subfield code="b">Um</marc:subfield>
      <marc:subfield code="h">Roman</marc:subfield>
    </marc:datafield>
    <marc:datafield tag="852" ind1=" " ind2=" ">
      <marc:subfield code="5">Umdp</marc:subfield>
      <marc:subfield code="b">Umdp</marc:subfield>
      <marc:subfield code="h">311435</marc:subfield>
    </marc:datafield>
    <marc:datafield tag="887" ind1=" " ind2=" ">
      <marc:subfield code="a">{"@id":"g0s78n9s0kmb4hf","modified":"2017-10-30T08:40:02+01:00","checksum":"218406307138"}</marc:subfield>
      <marc:subfield code="2">librisxl</marc:subfield>
    </marc:datafield>
    <marc:datafield tag="887" ind1=" " ind2=" ">
      <marc:subfield code="5">BOKR</marc:subfield>
      <marc:subfield code="a">{"@id":"w18nljr230vk0bk","modified":"2018-09-06T09:05:19.207+02:00","checksum":"75644021160"}</marc:subfield>
      <marc:subfield code="2">librisxl</marc:subfield>
    </marc:datafield>
    <marc:datafield tag="887" ind1=" " ind2=" ">
      <marc:subfield code="5">Falk</marc:subfield>
      <marc:subfield code="a">{"@id":"s2gqmlc8qprsxb9k","modified":"2019-01-08T16:16:29.609+01:00","checksum":"41680909992"}</marc:subfield>
      <marc:subfield code="2">librisxl</marc:subfield>
    </marc:datafield>
    <marc:datafield tag="887" ind1=" " ind2=" ">
      <marc:subfield code="5">Kld1</marc:subfield>
      <marc:subfield code="a">{"@id":"hmv9tnkn13s60g8","modified":"2018-02-05T18:11:48+01:00","checksum":"79475723024"}</marc:subfield>
      <marc:subfield code="2">librisxl</marc:subfield>
    </marc:datafield>
    <marc:datafield tag="887" ind1=" " ind2=" ">
      <marc:subfield code="5">L</marc:subfield>
      <marc:subfield code="a">{"@id":"8dmzskhf4vbk3dz","modified":"2017-10-30T08:39:00+01:00","checksum":"86953602321"}</marc:subfield>
      <marc:subfield code="2">librisxl</marc:subfield>
    </marc:datafield>
    <marc:datafield tag="887" ind1=" " ind2=" ">
      <marc:subfield code="5">S</marc:subfield>
      <marc:subfield code="a">{"@id":"glt5s1gm3n109gm","modified":"2017-10-16T10:51:24+02:00","checksum":"74590291520"}</marc:subfield>
      <marc:subfield code="2">librisxl</marc:subfield>
    </marc:datafield>
    <marc:datafield tag="887" ind1=" " ind2=" ">
      <marc:subfield code="5">U</marc:subfield>
      <marc:subfield code="a">{"@id":"bgp179mh4tqslp5","modified":"2017-11-10T18:21:27+01:00","checksum":"39495519034"}</marc:subfield>
      <marc:subfield code="2">librisxl</marc:subfield>
    </marc:datafield>
    <marc:datafield tag="887" ind1=" " ind2=" ">
      <marc:subfield code="5">Udd</marc:subfield>
      <marc:subfield code="a">{"@id":"19r05pw6z0ccvf5f","modified":"2019-01-25T15:16:19.446+01:00","checksum":"34651054241"}</marc:subfield>
      <marc:subfield code="2">librisxl</marc:subfield>
    </marc:datafield>
    <marc:datafield tag="887" ind1=" " ind2=" ">
      <marc:subfield code="5">Um</marc:subfield>
      <marc:subfield code="a">{"@id":"08r4pc52xmt4xb9z","modified":"2019-02-04T15:16:27.455+01:00","checksum":"33715849096"}</marc:subfield>
      <marc:subfield code="2">librisxl</marc:subfield>
    </marc:datafield>
    <marc:datafield tag="887" ind1=" " ind2=" ">
      <marc:subfield code="5">Umdp</marc:subfield>
      <marc:subfield code="a">{"@id":"37gsx3184cc2nsb","modified":"2017-11-07T14:39:09+01:00","checksum":"87514893190"}</marc:subfield>
      <marc:subfield code="2">librisxl</marc:subfield>
    </marc:datafield>
    <marc:datafield tag="900" ind1="1" ind2="s">
      <marc:subfield code="6">100,800</marc:subfield>
      <marc:subfield code="a">Olsen, Jussi Adler</marc:subfield>
      <marc:subfield code="u">Adler-Olsen, Jussi</marc:subfield>
    </marc:datafield>
    <marc:datafield tag="950" ind1=" " ind2="k">
      <marc:subfield code="6">650</marc:subfield>
      <marc:subfield code="a">Skolhem</marc:subfield>
      <marc:subfield code="u">Internatskolor</marc:subfield>
    </marc:datafield>
    <marc:datafield tag="950" ind1=" " ind2="k">
      <marc:subfield code="6">650</marc:subfield>
      <marc:subfield code="w">g</marc:subfield>
      <marc:subfield code="a">Brott mot person</marc:subfield>
      <marc:subfield code="u">Mord</marc:subfield>
    </marc:datafield>
    <marc:datafield tag="950" ind1=" " ind2="k">
      <marc:subfield code="6">650</marc:subfield>
      <marc:subfield code="w">g</marc:subfield>
      <marc:subfield code="a">Dd̲ligt vl̄d</marc:subfield>
      <marc:subfield code="u">Mord</marc:subfield>
    </marc:datafield>
    <marc:datafield tag="950" ind1=" " ind2="k">
      <marc:subfield code="6">650</marc:subfield>
      <marc:subfield code="w">h</marc:subfield>
      <marc:subfield code="a">Barnamord</marc:subfield>
      <marc:subfield code="u">Mord</marc:subfield>
    </marc:datafield>
    <marc:datafield tag="950" ind1=" " ind2="k">
      <marc:subfield code="6">650</marc:subfield>
      <marc:subfield code="w">h</marc:subfield>
      <marc:subfield code="a">Fr̲l̃dramord</marc:subfield>
      <marc:subfield code="u">Mord</marc:subfield>
    </marc:datafield>
    <marc:datafield tag="950" ind1=" " ind2="k">
      <marc:subfield code="6">650</marc:subfield>
      <marc:subfield code="w">h</marc:subfield>
      <marc:subfield code="a">Hustrumord</marc:subfield>
      <marc:subfield code="u">Mord</marc:subfield>
    </marc:datafield>
    <marc:datafield tag="950" ind1=" " ind2="k">
      <marc:subfield code="6">650</marc:subfield>
      <marc:subfield code="w">h</marc:subfield>
      <marc:subfield code="a">Kp̃plingemorden</marc:subfield>
      <marc:subfield code="u">Mord</marc:subfield>
    </marc:datafield>
    <marc:datafield tag="950" ind1=" " ind2="k">
      <marc:subfield code="6">650</marc:subfield>
      <marc:subfield code="w">h</marc:subfield>
      <marc:subfield code="a">Massmord</marc:subfield>
      <marc:subfield code="u">Mord</marc:subfield>
    </marc:datafield>
    <marc:datafield tag="950" ind1=" " ind2="k">
      <marc:subfield code="6">650</marc:subfield>
      <marc:subfield code="w">h</marc:subfield>
      <marc:subfield code="a">Seriemord</marc:subfield>
      <marc:subfield code="u">Mord</marc:subfield>
    </marc:datafield>
    <marc:datafield tag="950" ind1=" " ind2="k">
      <marc:subfield code="6">650</marc:subfield>
      <marc:subfield code="w">h</marc:subfield>
      <marc:subfield code="a">Sjl̃vmord</marc:subfield>
      <marc:subfield code="u">Mord</marc:subfield>
    </marc:datafield>
    <marc:datafield tag="950" ind1=" " ind2="k">
      <marc:subfield code="6">650</marc:subfield>
      <marc:subfield code="w">h</marc:subfield>
      <marc:subfield code="a">Kvinnomord</marc:subfield>
      <marc:subfield code="u">Mord</marc:subfield>
    </marc:datafield>
    <marc:datafield tag="950" ind1=" " ind2="k">
      <marc:subfield code="6">650</marc:subfield>
      <marc:subfield code="w">h</marc:subfield>
      <marc:subfield code="a">Folkmord</marc:subfield>
      <marc:subfield code="u">Mord</marc:subfield>
    </marc:datafield>
    <marc:datafield tag="950" ind1=" " ind2="k">
      <marc:subfield code="6">650</marc:subfield>
      <marc:subfield code="w">h</marc:subfield>
      <marc:subfield code="a">Sexualmord</marc:subfield>
      <marc:subfield code="u">Mord</marc:subfield>
    </marc:datafield>
    <marc:datafield tag="950" ind1=" " ind2="k">
      <marc:subfield code="6">650</marc:subfield>
      <marc:subfield code="w">h</marc:subfield>
      <marc:subfield code="a">Politiska mord</marc:subfield>
      <marc:subfield code="u">Mord</marc:subfield>
    </marc:datafield>
    <marc:datafield tag="950" ind1=" " ind2="k">
      <marc:subfield code="6">650</marc:subfield>
      <marc:subfield code="w">h</marc:subfield>
      <marc:subfield code="a">Hedersmord</marc:subfield>
      <marc:subfield code="u">Mord</marc:subfield>
    </marc:datafield>
    <marc:datafield tag="950" ind1=" " ind2="k">
      <marc:subfield code="6">650</marc:subfield>
      <marc:subfield code="w">h</marc:subfield>
      <marc:subfield code="a">Kungamord</marc:subfield>
      <marc:subfield code="u">Mord</marc:subfield>
    </marc:datafield>
    <marc:datafield tag="950" ind1=" " ind2="k">
      <marc:subfield code="6">650</marc:subfield>
      <marc:subfield code="w">h</marc:subfield>
      <marc:subfield code="a">Styckmord</marc:subfield>
      <marc:subfield code="u">Mord</marc:subfield>
    </marc:datafield>
    <marc:datafield tag="950" ind1=" " ind2="k">
      <marc:subfield code="6">650</marc:subfield>
      <marc:subfield code="w">h</marc:subfield>
      <marc:subfield code="a">Suicidalmord</marc:subfield>
      <marc:subfield code="u">Mord</marc:subfield>
    </marc:datafield>
    <marc:datafield tag="950" ind1=" " ind2="k">
      <marc:subfield code="6">650</marc:subfield>
      <marc:subfield code="a">Drp̄</marc:subfield>
      <marc:subfield code="u">Mord</marc:subfield>
    </marc:datafield>
    <marc:datafield tag="950" ind1=" " ind2="k">
      <marc:subfield code="6">650</marc:subfield>
      <marc:subfield code="a">Dd̲shjl̃p</marc:subfield>
      <marc:subfield code="u">Mord</marc:subfield>
    </marc:datafield>
    <marc:datafield tag="950" ind1=" " ind2="k">
      <marc:subfield code="6">650</marc:subfield>
      <marc:subfield code="a">Mordbrand</marc:subfield>
      <marc:subfield code="u">Mord</marc:subfield>
    </marc:datafield>
    <marc:datafield tag="950" ind1=" " ind2="k">
      <marc:subfield code="6">650</marc:subfield>
      <marc:subfield code="a">Mordfr̲sk̲</marc:subfield>
      <marc:subfield code="u">Mord</marc:subfield>
    </marc:datafield>
    <marc:datafield tag="950" ind1=" " ind2="k">
      <marc:subfield code="6">650</marc:subfield>
      <marc:subfield code="a">Mordutredning</marc:subfield>
      <marc:subfield code="u">Mord</marc:subfield>
    </marc:datafield>
    <marc:datafield tag="951" ind1=" " ind2="s">
      <marc:subfield code="6">651</marc:subfield>
      <marc:subfield code="w">||e</marc:subfield>
      <marc:subfield code="a">Kp̲enhamn</marc:subfield>
      <marc:subfield code="u">Danmark</marc:subfield>
      <marc:subfield code="z">Kp̲enhamn</marc:subfield>
    </marc:datafield>
    <marc:datafield tag="951" ind1=" " ind2="s">
      <marc:subfield code="6">651</marc:subfield>
      <marc:subfield code="a">Kb̜enhavn</marc:subfield>
      <marc:subfield code="u">Danmark</marc:subfield>
      <marc:subfield code="z">Kp̲enhamn</marc:subfield>
    </marc:datafield>
    <marc:datafield tag="955" ind1=" " ind2="s">
      <marc:subfield code="6">655</marc:subfield>
      <marc:subfield code="a">Detektivromaner</marc:subfield>
      <marc:subfield code="u">Deckare</marc:subfield>
    </marc:datafield>
    <marc:datafield tag="955" ind1=" " ind2="s">
      <marc:subfield code="6">655</marc:subfield>
      <marc:subfield code="w">||e</marc:subfield>
      <marc:subfield code="a">Historiska deckare</marc:subfield>
      <marc:subfield code="u">Deckare</marc:subfield>
    </marc:datafield>
    <marc:datafield tag="955" ind1=" " ind2="s">
      <marc:subfield code="6">655</marc:subfield>
      <marc:subfield code="w">||e</marc:subfield>
      <marc:subfield code="a">Hr̄dkokta deckare</marc:subfield>
      <marc:subfield code="u">Deckare</marc:subfield>
    </marc:datafield>
    <marc:datafield tag="955" ind1=" " ind2="s">
      <marc:subfield code="6">655</marc:subfield>
      <marc:subfield code="a">Kriminalromaner</marc:subfield>
      <marc:subfield code="u">Deckare</marc:subfield>
    </marc:datafield>
    <marc:datafield tag="955" ind1=" " ind2="s">
      <marc:subfield code="6">655</marc:subfield>
      <marc:subfield code="w">||e</marc:subfield>
      <marc:subfield code="a">Politiromaner</marc:subfield>
      <marc:subfield code="u">Deckare</marc:subfield>
    </marc:datafield>
    <marc:datafield tag="955" ind1=" " ind2="s">
      <marc:subfield code="6">655</marc:subfield>
      <marc:subfield code="w">||e</marc:subfield>
      <marc:subfield code="a">Psykologiska deckare</marc:subfield>
      <marc:subfield code="u">Deckare</marc:subfield>
    </marc:datafield>
    <marc:datafield tag="955" ind1=" " ind2="s">
      <marc:subfield code="6">655</marc:subfield>
      <marc:subfield code="w">||e</marc:subfield>
      <marc:subfield code="a">Pusseldeckare</marc:subfield>
      <marc:subfield code="u">Deckare</marc:subfield>
    </marc:datafield>
    <marc:datafield tag="955" ind1=" " ind2="k">
      <marc:subfield code="6">655</marc:subfield>
      <marc:subfield code="w">g</marc:subfield>
      <marc:subfield code="a">Skn̲litteratur</marc:subfield>
      <marc:subfield code="u">Deckare</marc:subfield>
    </marc:datafield>
    <marc:datafield tag="955" ind1=" " ind2="k">
      <marc:subfield code="6">655</marc:subfield>
      <marc:subfield code="w">g</marc:subfield>
      <marc:subfield code="a">Skn̲litteratur</marc:subfield>
      <marc:subfield code="u">Romaner</marc:subfield>
    </marc:datafield>
    <marc:datafield tag="955" ind1=" " ind2="k">
      <marc:subfield code="6">655</marc:subfield>
      <marc:subfield code="w">h</marc:subfield>
      <marc:subfield code="a">Brevromaner</marc:subfield>
      <marc:subfield code="u">Romaner</marc:subfield>
    </marc:datafield>
    <marc:datafield tag="955" ind1=" " ind2="k">
      <marc:subfield code="6">655</marc:subfield>
      <marc:subfield code="w">h</marc:subfield>
      <marc:subfield code="a">Dagboksromaner</marc:subfield>
      <marc:subfield code="u">Romaner</marc:subfield>
    </marc:datafield>
    <marc:datafield tag="955" ind1=" " ind2="k">
      <marc:subfield code="6">655</marc:subfield>
      <marc:subfield code="w">h</marc:subfield>
      <marc:subfield code="a">Kollektivromaner</marc:subfield>
      <marc:subfield code="u">Romaner</marc:subfield>
    </marc:datafield>
    <marc:datafield tag="955" ind1=" " ind2="k">
      <marc:subfield code="6">655</marc:subfield>
      <marc:subfield code="w">h</marc:subfield>
      <marc:subfield code="a">Nyckelromaner</marc:subfield>
      <marc:subfield code="u">Romaner</marc:subfield>
    </marc:datafield>
    <marc:datafield tag="955" ind1=" " ind2="k">
      <marc:subfield code="6">655</marc:subfield>
      <marc:subfield code="w">h</marc:subfield>
      <marc:subfield code="a">Pikareskromaner</marc:subfield>
      <marc:subfield code="u">Romaner</marc:subfield>
    </marc:datafield>
    <marc:datafield tag="955" ind1=" " ind2="k">
      <marc:subfield code="6">655</marc:subfield>
      <marc:subfield code="w">h</marc:subfield>
      <marc:subfield code="a">Serieromaner</marc:subfield>
      <marc:subfield code="u">Romaner</marc:subfield>
    </marc:datafield>
    <marc:datafield tag="955" ind1=" " ind2="k">
      <marc:subfield code="6">655</marc:subfield>
      <marc:subfield code="w">h</marc:subfield>
      <marc:subfield code="a">Utvecklingsromaner</marc:subfield>
      <marc:subfield code="u">Romaner</marc:subfield>
    </marc:datafield>
  </marc:record>