
  <marc:record>
    <marc:leader>16889cam a22025333a 4500</marc:leader>
    <marc:controlfield tag="001">20136256</marc:controlfield>
    <marc:controlfield tag="003">LIBRIS</marc:controlfield>
    <marc:controlfield tag="005">20170322150645.0</marc:controlfield>
    <marc:controlfield tag="007">cr |||   |||||         </marc:controlfield>
    <marc:controlfield tag="008">170309|        |  |||||o|||||000 f|swe|d</marc:controlfield>
    <marc:datafield tag="020" ind1=" " ind2=" ">
      <marc:subfield code="a">9789100172909</marc:subfield>
    </marc:datafield>
    <marc:datafield tag="024" ind1="7" ind2=" ">
      <marc:subfield code="5">Afb</marc:subfield>
      <marc:subfield code="a">1047974</marc:subfield>
      <marc:subfield code="2">Distributr̲: Elib</marc:subfield>
    </marc:datafield>
    <marc:datafield tag="024" ind1="7" ind2=" ">
      <marc:subfield code="5">BinE</marc:subfield>
      <marc:subfield code="a">1047974</marc:subfield>
      <marc:subfield code="2">Distributr̲: Elib</marc:subfield>
    </marc:datafield>
    <marc:datafield tag="024" ind1="7" ind2=" ">
      <marc:subfield code="5">Biv</marc:subfield>
      <marc:subfield code="a">1047974</marc:subfield>
      <marc:subfield code="2">Distributr̲: Elib</marc:subfield>
    </marc:datafield>
    <marc:datafield tag="024" ind1="7" ind2=" ">
      <marc:subfield code="5">Elan</marc:subfield>
      <marc:subfield code="a">1047974</marc:subfield>
      <marc:subfield code="2">Distributr̲: Elib</marc:subfield>
    </marc:datafield>
    <marc:datafield tag="024" ind1="7" ind2=" ">
      <marc:subfield code="5">Elib</marc:subfield>
      <marc:subfield code="a">1047974</marc:subfield>
      <marc:subfield code="2">Distributr̲: Elib</marc:subfield>
    </marc:datafield>
    <marc:datafield tag="024" ind1="7" ind2=" ">
      <marc:subfield code="5">GbgE</marc:subfield>
      <marc:subfield code="a">1047974</marc:subfield>
      <marc:subfield code="2">Distributr̲: Elib</marc:subfield>
    </marc:datafield>
    <marc:datafield tag="024" ind1="7" ind2=" ">
      <marc:subfield code="5">Gnos</marc:subfield>
      <marc:subfield code="a">1047974</marc:subfield>
      <marc:subfield code="2">Distributr̲: Elib</marc:subfield>
    </marc:datafield>
    <marc:datafield tag="024" ind1="7" ind2=" ">
      <marc:subfield code="5">Habo</marc:subfield>
      <marc:subfield code="a">1047974</marc:subfield>
      <marc:subfield code="2">Distributr̲: Elib</marc:subfield>
    </marc:datafield>
    <marc:datafield tag="024" ind1="7" ind2=" ">
      <marc:subfield code="5">Hamn</marc:subfield>
      <marc:subfield code="a">1047974</marc:subfield>
      <marc:subfield code="2">Distributr̲: Elib</marc:subfield>
    </marc:datafield>
    <marc:datafield tag="024" ind1="7" ind2=" ">
      <marc:subfield code="5">Helg</marc:subfield>
      <marc:subfield code="a">1047974</marc:subfield>
      <marc:subfield code="2">Distributr̲: Elib</marc:subfield>
    </marc:datafield>
    <marc:datafield tag="024" ind1="7" ind2=" ">
      <marc:subfield code="5">HibE</marc:subfield>
      <marc:subfield code="a">1047974</marc:subfield>
      <marc:subfield code="2">Distributr̲: Elib</marc:subfield>
    </marc:datafield>
    <marc:datafield tag="024" ind1="7" ind2=" ">
      <marc:subfield code="5">HsdE</marc:subfield>
      <marc:subfield code="a">1047974</marc:subfield>
      <marc:subfield code="2">Distributr̲: Elib</marc:subfield>
    </marc:datafield>
    <marc:datafield tag="024" ind1="7" ind2=" ">
      <marc:subfield code="5">Kas</marc:subfield>
      <marc:subfield code="a">1047974</marc:subfield>
      <marc:subfield code="2">Distributr̲: Elib</marc:subfield>
    </marc:datafield>
    <marc:datafield tag="024" ind1="7" ind2=" ">
      <marc:subfield code="5">Kniv</marc:subfield>
      <marc:subfield code="a">1047974</marc:subfield>
      <marc:subfield code="2">Distributr̲: Elib</marc:subfield>
    </marc:datafield>
    <marc:datafield tag="024" ind1="7" ind2=" ">
      <marc:subfield code="5">Krkb</marc:subfield>
      <marc:subfield code="a">1047974</marc:subfield>
      <marc:subfield code="2">Distributr̲: Elib</marc:subfield>
    </marc:datafield>
    <marc:datafield tag="024" ind1="7" ind2=" ">
      <marc:subfield code="5">Kssb</marc:subfield>
      <marc:subfield code="a">1047974</marc:subfield>
      <marc:subfield code="2">Distributr̲: Elib</marc:subfield>
    </marc:datafield>
    <marc:datafield tag="024" ind1="7" ind2=" ">
      <marc:subfield code="5">Leru</marc:subfield>
      <marc:subfield code="a">1047974</marc:subfield>
      <marc:subfield code="2">Distributr̲: Elib</marc:subfield>
    </marc:datafield>
    <marc:datafield tag="024" ind1="7" ind2=" ">
      <marc:subfield code="5">Less</marc:subfield>
      <marc:subfield code="a">1047974</marc:subfield>
      <marc:subfield code="2">Distributr̲: Elib</marc:subfield>
    </marc:datafield>
    <marc:datafield tag="024" ind1="7" ind2=" ">
      <marc:subfield code="5">Lyck</marc:subfield>
      <marc:subfield code="a">1047974</marc:subfield>
      <marc:subfield code="2">Distributr̲: Elib</marc:subfield>
    </marc:datafield>
    <marc:datafield tag="024" ind1="7" ind2=" ">
      <marc:subfield code="5">MoE</marc:subfield>
      <marc:subfield code="a">1047974</marc:subfield>
      <marc:subfield code="2">Distributr̲: Elib</marc:subfield>
    </marc:datafield>
    <marc:datafield tag="024" ind1="7" ind2=" ">
      <marc:subfield code="5">Munk</marc:subfield>
      <marc:subfield code="a">1047974</marc:subfield>
      <marc:subfield code="2">Distributr̲: Elib</marc:subfield>
    </marc:datafield>
    <marc:datafield tag="024" ind1="7" ind2=" ">
      <marc:subfield code="5">Nass</marc:subfield>
      <marc:subfield code="a">1047974</marc:subfield>
      <marc:subfield code="2">Distributr̲: Elib</marc:subfield>
    </marc:datafield>
    <marc:datafield tag="024" ind1="7" ind2=" ">
      <marc:subfield code="5">Okb</marc:subfield>
      <marc:subfield code="a">1047974</marc:subfield>
      <marc:subfield code="2">Distributr̲: Elib</marc:subfield>
    </marc:datafield>
    <marc:datafield tag="024" ind1="7" ind2=" ">
      <marc:subfield code="5">Skkf</marc:subfield>
      <marc:subfield code="a">1047974</marc:subfield>
      <marc:subfield code="2">Distributr̲: Elib</marc:subfield>
    </marc:datafield>
    <marc:datafield tag="024" ind1="7" ind2=" ">
      <marc:subfield code="5">Soll</marc:subfield>
      <marc:subfield code="a">1047974</marc:subfield>
      <marc:subfield code="2">Distributr̲: Elib</marc:subfield>
    </marc:datafield>
    <marc:datafield tag="024" ind1="7" ind2=" ">
      <marc:subfield code="5">Tanu</marc:subfield>
      <marc:subfield code="a">1047974</marc:subfield>
      <marc:subfield code="2">Distributr̲: Elib</marc:subfield>
    </marc:datafield>
    <marc:datafield tag="024" ind1="7" ind2=" ">
      <marc:subfield code="5">TimE</marc:subfield>
      <marc:subfield code="a">1047974</marc:subfield>
      <marc:subfield code="2">Distributr̲: Elib</marc:subfield>
    </marc:datafield>
    <marc:datafield tag="024" ind1="7" ind2=" ">
      <marc:subfield code="5">Trel</marc:subfield>
      <marc:subfield code="a">1047974</marc:subfield>
      <marc:subfield code="2">Distributr̲: Elib</marc:subfield>
    </marc:datafield>
    <marc:datafield tag="024" ind1="7" ind2=" ">
      <marc:subfield code="5">Um</marc:subfield>
      <marc:subfield code="a">1047974</marc:subfield>
      <marc:subfield code="2">Distributr̲: Elib</marc:subfield>
    </marc:datafield>
    <marc:datafield tag="035" ind1=" " ind2=" ">
      <marc:subfield code="a">Elib1047974</marc:subfield>
    </marc:datafield>
    <marc:datafield tag="040" ind1=" " ind2=" ">
      <marc:subfield code="e">a</marc:subfield>
    </marc:datafield>
    <marc:datafield tag="041" ind1=" " ind2=" ">
      <marc:subfield code="a">swe</marc:subfield>
    </marc:datafield>
    <marc:datafield tag="072" ind1=" " ind2="7">
      <marc:subfield code="a">FF</marc:subfield>
      <marc:subfield code="2">bicssc</marc:subfield>
    </marc:datafield>
    <marc:datafield tag="100" ind1="1" ind2=" ">
      <marc:subfield code="a">Adler-Olsen, Jussi</marc:subfield>
      <marc:subfield code="4">aut</marc:subfield>
      <marc:subfield code="0">http://viaf.org/viaf/87407021</marc:subfield>
    </marc:datafield>
    <marc:datafield tag="245" ind1="1" ind2="0">
      <marc:subfield code="a">Selfies</marc:subfield>
      <marc:subfield code="c">Adler-Olsen, Jussi</marc:subfield>
    </marc:datafield>
    <marc:datafield tag="260" ind1=" " ind2="">
      <marc:subfield code="c">nnnn</marc:subfield>
    </marc:datafield>
    <marc:datafield tag="260" ind1=" " ind2="">
      <marc:subfield code="b">Albert Bonniers fr̲lag</marc:subfield>
    </marc:datafield>
    <marc:datafield tag="336" ind1=" " ind2=" ">
      <marc:subfield code="a">text</marc:subfield>
      <marc:subfield code="b">txt</marc:subfield>
      <marc:subfield code="0">http://rdaregistry.info/termList/RDAContentType/1020</marc:subfield>
      <marc:subfield code="2">rdacontent</marc:subfield>
    </marc:datafield>
    <marc:datafield tag="337" ind1=" " ind2=" ">
      <marc:subfield code="a">computer</marc:subfield>
      <marc:subfield code="b">c</marc:subfield>
      <marc:subfield code="0">http://rdaregistry.info/termList/RDAMediaType/1003</marc:subfield>
      <marc:subfield code="2">rdamedia</marc:subfield>
    </marc:datafield>
    <marc:datafield tag="338" ind1=" " ind2=" ">
      <marc:subfield code="a">online resource</marc:subfield>
      <marc:subfield code="b">cr</marc:subfield>
      <marc:subfield code="0">http://rdaregistry.info/termList/RDACarrierType/1018</marc:subfield>
      <marc:subfield code="2">rdacarrier</marc:subfield>
    </marc:datafield>
    <marc:datafield tag="380" ind1=" " ind2=" ">
      <marc:subfield code="a">roman</marc:subfield>
      <marc:subfield code="0">http://id.loc.gov/entities/providers/d638d193eb29ac87c0950ab36b80e0e8</marc:subfield>
      <marc:subfield code="2">LCSH</marc:subfield>
    </marc:datafield>
    <marc:datafield tag="500" ind1=" " ind2=" ">
      <marc:subfield code="5">Afb</marc:subfield>
      <marc:subfield code="a">Online epub (1.88 MB)</marc:subfield>
    </marc:datafield>
    <marc:datafield tag="500" ind1=" " ind2=" ">
      <marc:subfield code="5">Afb</marc:subfield>
      <marc:subfield code="a">Offline epub med Adobe-kryptering (1.88 MB)</marc:subfield>
    </marc:datafield>
    <marc:datafield tag="500" ind1=" " ind2=" ">
      <marc:subfield code="5">BinE</marc:subfield>
      <marc:subfield code="a">Online epub (1.88 MB)</marc:subfield>
    </marc:datafield>
    <marc:datafield tag="500" ind1=" " ind2=" ">
      <marc:subfield code="5">BinE</marc:subfield>
      <marc:subfield code="a">Offline epub med Adobe-kryptering (1.88 MB)</marc:subfield>
    </marc:datafield>
    <marc:datafield tag="500" ind1=" " ind2=" ">
      <marc:subfield code="5">Biv</marc:subfield>
      <marc:subfield code="a">Online epub (1.88 MB)</marc:subfield>
    </marc:datafield>
    <marc:datafield tag="500" ind1=" " ind2=" ">
      <marc:subfield code="5">Biv</marc:subfield>
      <marc:subfield code="a">Offline epub med Adobe-kryptering (1.88 MB)</marc:subfield>
    </marc:datafield>
    <marc:datafield tag="500" ind1=" " ind2=" ">
      <marc:subfield code="5">Elan</marc:subfield>
      <marc:subfield code="a">Online epub (1.88 MB)</marc:subfield>
    </marc:datafield>
    <marc:datafield tag="500" ind1=" " ind2=" ">
      <marc:subfield code="5">Elan</marc:subfield>
      <marc:subfield code="a">Offline epub med Adobe-kryptering (1.88 MB)</marc:subfield>
    </marc:datafield>
    <marc:datafield tag="500" ind1=" " ind2=" ">
      <marc:subfield code="5">GbgE</marc:subfield>
      <marc:subfield code="a">Online epub (1.88 MB)</marc:subfield>
    </marc:datafield>
    <marc:datafield tag="500" ind1=" " ind2=" ">
      <marc:subfield code="5">GbgE</marc:subfield>
      <marc:subfield code="a">Offline epub med Adobe-kryptering (1.88 MB)</marc:subfield>
    </marc:datafield>
    <marc:datafield tag="500" ind1=" " ind2=" ">
      <marc:subfield code="5">Gnos</marc:subfield>
      <marc:subfield code="a">Online epub (1.88 MB)</marc:subfield>
    </marc:datafield>
    <marc:datafield tag="500" ind1=" " ind2=" ">
      <marc:subfield code="5">Gnos</marc:subfield>
      <marc:subfield code="a">Offline epub med Adobe-kryptering (1.88 MB)</marc:subfield>
    </marc:datafield>
    <marc:datafield tag="500" ind1=" " ind2=" ">
      <marc:subfield code="5">Habo</marc:subfield>
      <marc:subfield code="a">Online epub (1.88 MB)</marc:subfield>
    </marc:datafield>
    <marc:datafield tag="500" ind1=" " ind2=" ">
      <marc:subfield code="5">Habo</marc:subfield>
      <marc:subfield code="a">Offline epub med Adobe-kryptering (1.88 MB)</marc:subfield>
    </marc:datafield>
    <marc:datafield tag="500" ind1=" " ind2=" ">
      <marc:subfield code="5">Hamn</marc:subfield>
      <marc:subfield code="a">Online epub (1.88 MB)</marc:subfield>
    </marc:datafield>
    <marc:datafield tag="500" ind1=" " ind2=" ">
      <marc:subfield code="5">Hamn</marc:subfield>
      <marc:subfield code="a">Offline epub med Adobe-kryptering (1.88 MB)</marc:subfield>
    </marc:datafield>
    <marc:datafield tag="500" ind1=" " ind2=" ">
      <marc:subfield code="5">Helg</marc:subfield>
      <marc:subfield code="a">Online epub (1.88 MB)</marc:subfield>
    </marc:datafield>
    <marc:datafield tag="500" ind1=" " ind2=" ">
      <marc:subfield code="5">Helg</marc:subfield>
      <marc:subfield code="a">Offline epub med Adobe-kryptering (1.88 MB)</marc:subfield>
    </marc:datafield>
    <marc:datafield tag="500" ind1=" " ind2=" ">
      <marc:subfield code="5">HibE</marc:subfield>
      <marc:subfield code="a">Online epub (1.88 MB)</marc:subfield>
    </marc:datafield>
    <marc:datafield tag="500" ind1=" " ind2=" ">
      <marc:subfield code="5">HibE</marc:subfield>
      <marc:subfield code="a">Offline epub med Adobe-kryptering (1.88 MB)</marc:subfield>
    </marc:datafield>
    <marc:datafield tag="500" ind1=" " ind2=" ">
      <marc:subfield code="5">HsdE</marc:subfield>
      <marc:subfield code="a">Online epub (1.88 MB)</marc:subfield>
    </marc:datafield>
    <marc:datafield tag="500" ind1=" " ind2=" ">
      <marc:subfield code="5">HsdE</marc:subfield>
      <marc:subfield code="a">Offline epub med Adobe-kryptering (1.88 MB)</marc:subfield>
    </marc:datafield>
    <marc:datafield tag="500" ind1=" " ind2=" ">
      <marc:subfield code="5">Kas</marc:subfield>
      <marc:subfield code="a">Online epub (1.88 MB)</marc:subfield>
    </marc:datafield>
    <marc:datafield tag="500" ind1=" " ind2=" ">
      <marc:subfield code="5">Kas</marc:subfield>
      <marc:subfield code="a">Offline epub med Adobe-kryptering (1.88 MB)</marc:subfield>
    </marc:datafield>
    <marc:datafield tag="500" ind1=" " ind2=" ">
      <marc:subfield code="5">Kniv</marc:subfield>
      <marc:subfield code="a">Online epub (1.88 MB)</marc:subfield>
    </marc:datafield>
    <marc:datafield tag="500" ind1=" " ind2=" ">
      <marc:subfield code="5">Kniv</marc:subfield>
      <marc:subfield code="a">Offline epub med Adobe-kryptering (1.88 MB)</marc:subfield>
    </marc:datafield>
    <marc:datafield tag="500" ind1=" " ind2=" ">
      <marc:subfield code="5">Krkb</marc:subfield>
      <marc:subfield code="a">Online epub (1.88 MB)</marc:subfield>
    </marc:datafield>
    <marc:datafield tag="500" ind1=" " ind2=" ">
      <marc:subfield code="5">Krkb</marc:subfield>
      <marc:subfield code="a">Offline epub med Adobe-kryptering (1.88 MB)</marc:subfield>
    </marc:datafield>
    <marc:datafield tag="500" ind1=" " ind2=" ">
      <marc:subfield code="5">Kssb</marc:subfield>
      <marc:subfield code="a">Online epub (1.88 MB)</marc:subfield>
    </marc:datafield>
    <marc:datafield tag="500" ind1=" " ind2=" ">
      <marc:subfield code="5">Kssb</marc:subfield>
      <marc:subfield code="a">Offline epub med Adobe-kryptering (1.88 MB)</marc:subfield>
    </marc:datafield>
    <marc:datafield tag="500" ind1=" " ind2=" ">
      <marc:subfield code="5">Leru</marc:subfield>
      <marc:subfield code="a">Online epub (1.88 MB)</marc:subfield>
    </marc:datafield>
    <marc:datafield tag="500" ind1=" " ind2=" ">
      <marc:subfield code="5">Leru</marc:subfield>
      <marc:subfield code="a">Offline epub med Adobe-kryptering (1.88 MB)</marc:subfield>
    </marc:datafield>
    <marc:datafield tag="500" ind1=" " ind2=" ">
      <marc:subfield code="5">Less</marc:subfield>
      <marc:subfield code="a">Online epub (1.88 MB)</marc:subfield>
    </marc:datafield>
    <marc:datafield tag="500" ind1=" " ind2=" ">
      <marc:subfield code="5">Less</marc:subfield>
      <marc:subfield code="a">Offline epub med Adobe-kryptering (1.88 MB)</marc:subfield>
    </marc:datafield>
    <marc:datafield tag="500" ind1=" " ind2=" ">
      <marc:subfield code="5">Lyck</marc:subfield>
      <marc:subfield code="a">Online epub (1.88 MB)</marc:subfield>
    </marc:datafield>
    <marc:datafield tag="500" ind1=" " ind2=" ">
      <marc:subfield code="5">Lyck</marc:subfield>
      <marc:subfield code="a">Offline epub med Adobe-kryptering (1.88 MB)</marc:subfield>
    </marc:datafield>
    <marc:datafield tag="500" ind1=" " ind2=" ">
      <marc:subfield code="5">MoE</marc:subfield>
      <marc:subfield code="a">Online epub (1.88 MB)</marc:subfield>
    </marc:datafield>
    <marc:datafield tag="500" ind1=" " ind2=" ">
      <marc:subfield code="5">MoE</marc:subfield>
      <marc:subfield code="a">Offline epub med Adobe-kryptering (1.88 MB)</marc:subfield>
    </marc:datafield>
    <marc:datafield tag="500" ind1=" " ind2=" ">
      <marc:subfield code="5">Munk</marc:subfield>
      <marc:subfield code="a">Online epub (1.88 MB)</marc:subfield>
    </marc:datafield>
    <marc:datafield tag="500" ind1=" " ind2=" ">
      <marc:subfield code="5">Munk</marc:subfield>
      <marc:subfield code="a">Offline epub med Adobe-kryptering (1.88 MB)</marc:subfield>
    </marc:datafield>
    <marc:datafield tag="500" ind1=" " ind2=" ">
      <marc:subfield code="5">Nass</marc:subfield>
      <marc:subfield code="a">Online epub (1.88 MB)</marc:subfield>
    </marc:datafield>
    <marc:datafield tag="500" ind1=" " ind2=" ">
      <marc:subfield code="5">Nass</marc:subfield>
      <marc:subfield code="a">Offline epub med Adobe-kryptering (1.88 MB)</marc:subfield>
    </marc:datafield>
    <marc:datafield tag="500" ind1=" " ind2=" ">
      <marc:subfield code="5">Okb</marc:subfield>
      <marc:subfield code="a">Online epub (1.88 MB)</marc:subfield>
    </marc:datafield>
    <marc:datafield tag="500" ind1=" " ind2=" ">
      <marc:subfield code="5">Okb</marc:subfield>
      <marc:subfield code="a">Offline epub med Adobe-kryptering (1.88 MB)</marc:subfield>
    </marc:datafield>
    <marc:datafield tag="500" ind1=" " ind2=" ">
      <marc:subfield code="5">Skkf</marc:subfield>
      <marc:subfield code="a">Online epub (1.88 MB)</marc:subfield>
    </marc:datafield>
    <marc:datafield tag="500" ind1=" " ind2=" ">
      <marc:subfield code="5">Skkf</marc:subfield>
      <marc:subfield code="a">Offline epub med Adobe-kryptering (1.88 MB)</marc:subfield>
    </marc:datafield>
    <marc:datafield tag="500" ind1=" " ind2=" ">
      <marc:subfield code="5">Soll</marc:subfield>
      <marc:subfield code="a">Online epub (1.88 MB)</marc:subfield>
    </marc:datafield>
    <marc:datafield tag="500" ind1=" " ind2=" ">
      <marc:subfield code="5">Soll</marc:subfield>
      <marc:subfield code="a">Offline epub med Adobe-kryptering (1.88 MB)</marc:subfield>
    </marc:datafield>
    <marc:datafield tag="500" ind1=" " ind2=" ">
      <marc:subfield code="5">Tanu</marc:subfield>
      <marc:subfield code="a">Online epub (1.88 MB)</marc:subfield>
    </marc:datafield>
    <marc:datafield tag="500" ind1=" " ind2=" ">
      <marc:subfield code="5">Tanu</marc:subfield>
      <marc:subfield code="a">Offline epub med Adobe-kryptering (1.88 MB)</marc:subfield>
    </marc:datafield>
    <marc:datafield tag="500" ind1=" " ind2=" ">
      <marc:subfield code="5">TimE</marc:subfield>
      <marc:subfield code="a">Online epub (1.88 MB)</marc:subfield>
    </marc:datafield>
    <marc:datafield tag="500" ind1=" " ind2=" ">
      <marc:subfield code="5">TimE</marc:subfield>
      <marc:subfield code="a">Offline epub med Adobe-kryptering (1.88 MB)</marc:subfield>
    </marc:datafield>
    <marc:datafield tag="500" ind1=" " ind2=" ">
      <marc:subfield code="5">Trel</marc:subfield>
      <marc:subfield code="a">Online epub (1.88 MB)</marc:subfield>
    </marc:datafield>
    <marc:datafield tag="500" ind1=" " ind2=" ">
      <marc:subfield code="5">Trel</marc:subfield>
      <marc:subfield code="a">Offline epub med Adobe-kryptering (1.88 MB)</marc:subfield>
    </marc:datafield>
    <marc:datafield tag="500" ind1=" " ind2=" ">
      <marc:subfield code="5">Um</marc:subfield>
      <marc:subfield code="a">Online epub (1.88 MB)</marc:subfield>
    </marc:datafield>
    <marc:datafield tag="500" ind1=" " ind2=" ">
      <marc:subfield code="5">Um</marc:subfield>
      <marc:subfield code="a">Offline epub med Adobe-kryptering (1.88 MB)</marc:subfield>
    </marc:datafield>
    <marc:datafield tag="520" ind1=" " ind2=" ">
      <marc:subfield code="a">Avdelning Q hl̄ler som vanligt till i Kp̲enhamnspolisens kl̃larrum, men str̄ nu infr̲ stora utmaningar. Dels vad gl̃ler arbetet, men ocks ̄p ̄det personliga planet. Gruppens sammanhl̄lande lñk Rose har nm̃ligen sjunkit ner i en psykos vars trd̄ar leder ln̄gt tillbaka in ett mr̲kt fr̲flutet. Ett fr̲flutet dr̃ ett grymt brott kan ha begt̄ts.Det har kommit ledningen till kñna att uppklarningsstatistiken fr̲ Avdelning Q ligger ln̄gt under det fr̲vñtade. Utan Roses hjl̃p ms̄te de tre t̄erstēnde medlemmarna  den karismatiske ledaren Carl Mr̲k, mystiske Assad och det senaste tillskottet Gordon  km̃pa fr̲ att v̲ertyga dem om att de ska f ̄fortst̃ta sitt arbete. Samtidigt hittas en l̃dre kvinna mr̲dad i Kongens Have och en galen bilist har inlett en dd̲lig jakt p ̄unga kvinnor, medan nya brott planeras p ̄en helt annan plats. Har hñdelserna ingenting med varandra att gr̲a, eller finns ett samband begravt nḡonstans?&amp;#xd6;verst̃tare:Leif Jacobsen,Formgivare:Miroslav Sokcic [Elib]</marc:subfield>
    </marc:datafield>
    <marc:datafield tag="599" ind1=" " ind2=" ">
      <marc:subfield code="a">♯ndrad av Elib 2017-03-21</marc:subfield>
    </marc:datafield>
    <marc:datafield tag="655" ind1=" " ind2="4">
      <marc:subfield code="a">Thriller</marc:subfield>
    </marc:datafield>
    <marc:datafield tag="655" ind1=" " ind2="4">
      <marc:subfield code="a">Krim</marc:subfield>
    </marc:datafield>
    <marc:datafield tag="655" ind1=" " ind2="4">
      <marc:subfield code="a">Fiksjon</marc:subfield>
    </marc:datafield>
    <marc:datafield tag="700" ind1="1" ind2=" ">
      <marc:subfield code="a">Jacobsen, Leif</marc:subfield>
      <marc:subfield code="0">http://viaf.org/viaf/168668724</marc:subfield>
      <marc:subfield code="e">trl</marc:subfield>
    </marc:datafield>
    <marc:datafield tag="841" ind1=" " ind2=" ">
      <marc:subfield code="5">Afb</marc:subfield>
      <marc:subfield code="a">x  a</marc:subfield>
      <marc:subfield code="b">181009||0000|||||000||||||000000</marc:subfield>
      <marc:subfield code="e">1</marc:subfield>
    </marc:datafield>
    <marc:datafield tag="841" ind1=" " ind2=" ">
      <marc:subfield code="5">BOKR</marc:subfield>
      <marc:subfield code="a">x  a</marc:subfield>
      <marc:subfield code="b">180906||0000|||||000||||||000000</marc:subfield>
      <marc:subfield code="e">1</marc:subfield>
    </marc:datafield>
    <marc:datafield tag="841" ind1=" " ind2=" ">
      <marc:subfield code="5">BinE</marc:subfield>
      <marc:subfield code="a">x  a</marc:subfield>
      <marc:subfield code="b">170425||0000|||||000||||||000000</marc:subfield>
      <marc:subfield code="e">1</marc:subfield>
    </marc:datafield>
    <marc:datafield tag="841" ind1=" " ind2=" ">
      <marc:subfield code="5">Biv</marc:subfield>
      <marc:subfield code="a">x  a</marc:subfield>
      <marc:subfield code="b">170425||0000|||||000||||||000000</marc:subfield>
      <marc:subfield code="e">1</marc:subfield>
    </marc:datafield>
    <marc:datafield tag="841" ind1=" " ind2=" ">
      <marc:subfield code="5">Elan</marc:subfield>
      <marc:subfield code="a">x  a</marc:subfield>
      <marc:subfield code="b">180827||0000|||||000||||||000000</marc:subfield>
      <marc:subfield code="e">1</marc:subfield>
    </marc:datafield>
    <marc:datafield tag="841" ind1=" " ind2=" ">
      <marc:subfield code="5">Elib</marc:subfield>
      <marc:subfield code="a">x  a</marc:subfield>
      <marc:subfield code="b">170425||0000|||||000||||||000000</marc:subfield>
      <marc:subfield code="e">1</marc:subfield>
    </marc:datafield>
    <marc:datafield tag="841" ind1=" " ind2=" ">
      <marc:subfield code="5">GbgE</marc:subfield>
      <marc:subfield code="a">x  a</marc:subfield>
      <marc:subfield code="b">170425||0000|||||000||||||000000</marc:subfield>
      <marc:subfield code="e">1</marc:subfield>
    </marc:datafield>
    <marc:datafield tag="841" ind1=" " ind2=" ">
      <marc:subfield code="5">Gnos</marc:subfield>
      <marc:subfield code="a">x  a</marc:subfield>
      <marc:subfield code="b">171124||0000|||||000||||||000000</marc:subfield>
      <marc:subfield code="e">1</marc:subfield>
    </marc:datafield>
    <marc:datafield tag="841" ind1=" " ind2=" ">
      <marc:subfield code="5">Habo</marc:subfield>
      <marc:subfield code="a">x  a</marc:subfield>
      <marc:subfield code="b">171205||0000|||||000||||||000000</marc:subfield>
      <marc:subfield code="e">1</marc:subfield>
    </marc:datafield>
    <marc:datafield tag="841" ind1=" " ind2=" ">
      <marc:subfield code="5">Hamn</marc:subfield>
      <marc:subfield code="a">x  a</marc:subfield>
      <marc:subfield code="b">181009||0000|||||000||||||000000</marc:subfield>
      <marc:subfield code="e">1</marc:subfield>
    </marc:datafield>
    <marc:datafield tag="841" ind1=" " ind2=" ">
      <marc:subfield code="5">Helg</marc:subfield>
      <marc:subfield code="a">x  a</marc:subfield>
      <marc:subfield code="b">171124||0000|||||000||||||000000</marc:subfield>
      <marc:subfield code="e">1</marc:subfield>
    </marc:datafield>
    <marc:datafield tag="841" ind1=" " ind2=" ">
      <marc:subfield code="5">HibE</marc:subfield>
      <marc:subfield code="a">x  a</marc:subfield>
      <marc:subfield code="b">170425||0000|||||000||||||000000</marc:subfield>
      <marc:subfield code="e">1</marc:subfield>
    </marc:datafield>
    <marc:datafield tag="841" ind1=" " ind2=" ">
      <marc:subfield code="5">HsdE</marc:subfield>
      <marc:subfield code="a">x  a</marc:subfield>
      <marc:subfield code="b">171124||0000|||||000||||||000000</marc:subfield>
      <marc:subfield code="e">1</marc:subfield>
    </marc:datafield>
    <marc:datafield tag="841" ind1=" " ind2=" ">
      <marc:subfield code="5">Kas</marc:subfield>
      <marc:subfield code="a">x  a</marc:subfield>
      <marc:subfield code="b">190212||0000|||||000||||||000000</marc:subfield>
      <marc:subfield code="e">1</marc:subfield>
    </marc:datafield>
    <marc:datafield tag="841" ind1=" " ind2=" ">
      <marc:subfield code="5">Kniv</marc:subfield>
      <marc:subfield code="a">x  a</marc:subfield>
      <marc:subfield code="b">190211||0000|||||000||||||000000</marc:subfield>
      <marc:subfield code="e">1</marc:subfield>
    </marc:datafield>
    <marc:datafield tag="841" ind1=" " ind2=" ">
      <marc:subfield code="5">Krkb</marc:subfield>
      <marc:subfield code="a">x  a</marc:subfield>
      <marc:subfield code="b">180524||0000|||||000||||||000000</marc:subfield>
      <marc:subfield code="e">1</marc:subfield>
    </marc:datafield>
    <marc:datafield tag="841" ind1=" " ind2=" ">
      <marc:subfield code="5">Kssb</marc:subfield>
      <marc:subfield code="a">x  a</marc:subfield>
      <marc:subfield code="b">170425||0000|||||000||||||000000</marc:subfield>
      <marc:subfield code="e">1</marc:subfield>
    </marc:datafield>
    <marc:datafield tag="841" ind1=" " ind2=" ">
      <marc:subfield code="5">Leru</marc:subfield>
      <marc:subfield code="a">x  a</marc:subfield>
      <marc:subfield code="b">181009||0000|||||000||||||000000</marc:subfield>
      <marc:subfield code="e">1</marc:subfield>
    </marc:datafield>
    <marc:datafield tag="841" ind1=" " ind2=" ">
      <marc:subfield code="5">Less</marc:subfield>
      <marc:subfield code="a">x  a</marc:subfield>
      <marc:subfield code="b">171124||0000|||||000||||||000000</marc:subfield>
      <marc:subfield code="e">1</marc:subfield>
    </marc:datafield>
    <marc:datafield tag="841" ind1=" " ind2=" ">
      <marc:subfield code="5">Lyck</marc:subfield>
      <marc:subfield code="a">x  a</marc:subfield>
      <marc:subfield code="b">181009||0000|||||000||||||000000</marc:subfield>
      <marc:subfield code="e">1</marc:subfield>
    </marc:datafield>
    <marc:datafield tag="841" ind1=" " ind2=" ">
      <marc:subfield code="5">MoE</marc:subfield>
      <marc:subfield code="a">x  a</marc:subfield>
      <marc:subfield code="b">170503||0000|||||000||||||000000</marc:subfield>
      <marc:subfield code="e">1</marc:subfield>
    </marc:datafield>
    <marc:datafield tag="841" ind1=" " ind2=" ">
      <marc:subfield code="5">Munk</marc:subfield>
      <marc:subfield code="a">x  a</marc:subfield>
      <marc:subfield code="b">181009||0000|||||000||||||000000</marc:subfield>
      <marc:subfield code="e">1</marc:subfield>
    </marc:datafield>
    <marc:datafield tag="841" ind1=" " ind2=" ">
      <marc:subfield code="5">Nass</marc:subfield>
      <marc:subfield code="a">x  a</marc:subfield>
      <marc:subfield code="b">170425||0000|||||000||||||000000</marc:subfield>
      <marc:subfield code="e">1</marc:subfield>
    </marc:datafield>
    <marc:datafield tag="841" ind1=" " ind2=" ">
      <marc:subfield code="5">Okb</marc:subfield>
      <marc:subfield code="a">x  a</marc:subfield>
      <marc:subfield code="b">190220||0000|||||000||||||000000</marc:subfield>
      <marc:subfield code="e">1</marc:subfield>
    </marc:datafield>
    <marc:datafield tag="841" ind1=" " ind2=" ">
      <marc:subfield code="5">Skkf</marc:subfield>
      <marc:subfield code="a">x  a</marc:subfield>
      <marc:subfield code="b">181009||0000|||||000||||||000000</marc:subfield>
      <marc:subfield code="e">1</marc:subfield>
    </marc:datafield>
    <marc:datafield tag="841" ind1=" " ind2=" ">
      <marc:subfield code="5">Soll</marc:subfield>
      <marc:subfield code="a">x  a</marc:subfield>
      <marc:subfield code="b">190108||0000|||||000||||||000000</marc:subfield>
      <marc:subfield code="e">1</marc:subfield>
    </marc:datafield>
    <marc:datafield tag="841" ind1=" " ind2=" ">
      <marc:subfield code="5">Tanu</marc:subfield>
      <marc:subfield code="a">x  a</marc:subfield>
      <marc:subfield code="b">181009||0000|||||000||||||000000</marc:subfield>
      <marc:subfield code="e">1</marc:subfield>
    </marc:datafield>
    <marc:datafield tag="841" ind1=" " ind2=" ">
      <marc:subfield code="5">TimE</marc:subfield>
      <marc:subfield code="a">x  a</marc:subfield>
      <marc:subfield code="b">190111||0000|||||000||||||000000</marc:subfield>
      <marc:subfield code="e">1</marc:subfield>
    </marc:datafield>
    <marc:datafield tag="841" ind1=" " ind2=" ">
      <marc:subfield code="5">Trel</marc:subfield>
      <marc:subfield code="a">x  a</marc:subfield>
      <marc:subfield code="b">180108||0000|||||000||||||000000</marc:subfield>
      <marc:subfield code="e">1</marc:subfield>
    </marc:datafield>
    <marc:datafield tag="841" ind1=" " ind2=" ">
      <marc:subfield code="5">Um</marc:subfield>
      <marc:subfield code="a">x  a</marc:subfield>
      <marc:subfield code="b">171130||0000|||||000||||||000000</marc:subfield>
      <marc:subfield code="e">1</marc:subfield>
    </marc:datafield>
    <marc:datafield tag="852" ind1=" " ind2=" ">
      <marc:subfield code="5">Afb</marc:subfield>
      <marc:subfield code="b">Afb</marc:subfield>
      <marc:subfield code="c">E-Bok</marc:subfield>
      <marc:subfield code="h">Hc.01/DR</marc:subfield>
      <marc:subfield code="x">origin:Elib</marc:subfield>
      <marc:subfield code="z">Online epub (1.88 MB)</marc:subfield>
      <marc:subfield code="z">Offline epub med Adobe-kryptering (1.88 MB)</marc:subfield>
    </marc:datafield>
    <marc:datafield tag="852" ind1=" " ind2=" ">
      <marc:subfield code="5">BOKR</marc:subfield>
      <marc:subfield code="b">BOKR</marc:subfield>
    </marc:datafield>
    <marc:datafield tag="852" ind1=" " ind2=" ">
      <marc:subfield code="5">BinE</marc:subfield>
      <marc:subfield code="b">BinE</marc:subfield>
      <marc:subfield code="c">E-Bok</marc:subfield>
      <marc:subfield code="h">Hc.01/DR</marc:subfield>
      <marc:subfield code="x">origin:Elib</marc:subfield>
      <marc:subfield code="z">Online epub (1.88 MB)</marc:subfield>
      <marc:subfield code="z">Offline epub med Adobe-kryptering (1.88 MB)</marc:subfield>
    </marc:datafield>
    <marc:datafield tag="852" ind1=" " ind2=" ">
      <marc:subfield code="5">Biv</marc:subfield>
      <marc:subfield code="b">Biv</marc:subfield>
      <marc:subfield code="c">E-Bok</marc:subfield>
      <marc:subfield code="h">Hc.01/DR</marc:subfield>
      <marc:subfield code="x">origin:Elib</marc:subfield>
      <marc:subfield code="z">Online epub (1.88 MB)</marc:subfield>
      <marc:subfield code="z">Offline epub med Adobe-kryptering (1.88 MB)</marc:subfield>
    </marc:datafield>
    <marc:datafield tag="852" ind1=" " ind2=" ">
      <marc:subfield code="5">Elan</marc:subfield>
      <marc:subfield code="b">Elan</marc:subfield>
      <marc:subfield code="c">E-Bok</marc:subfield>
      <marc:subfield code="h">Hc.01/DR</marc:subfield>
      <marc:subfield code="x">origin:Elib</marc:subfield>
      <marc:subfield code="z">Online epub (1.88 MB)</marc:subfield>
      <marc:subfield code="z">Offline epub med Adobe-kryptering (1.88 MB)</marc:subfield>
    </marc:datafield>
    <marc:datafield tag="852" ind1=" " ind2=" ">
      <marc:subfield code="5">Elib</marc:subfield>
      <marc:subfield code="b">Elib</marc:subfield>
      <marc:subfield code="x">origin:Elib</marc:subfield>
    </marc:datafield>
    <marc:datafield tag="852" ind1=" " ind2=" ">
      <marc:subfield code="5">GbgE</marc:subfield>
      <marc:subfield code="b">GbgE</marc:subfield>
      <marc:subfield code="c">E-Bok</marc:subfield>
      <marc:subfield code="h">Hc.01/DR</marc:subfield>
      <marc:subfield code="x">origin:Elib</marc:subfield>
      <marc:subfield code="z">Online epub (1.88 MB)</marc:subfield>
      <marc:subfield code="z">Offline epub med Adobe-kryptering (1.88 MB)</marc:subfield>
    </marc:datafield>
    <marc:datafield tag="852" ind1=" " ind2=" ">
      <marc:subfield code="5">Gnos</marc:subfield>
      <marc:subfield code="b">Gnos</marc:subfield>
      <marc:subfield code="c">E-Bok</marc:subfield>
      <marc:subfield code="h">Hc.01/DR</marc:subfield>
      <marc:subfield code="x">origin:Elib</marc:subfield>
      <marc:subfield code="z">Online epub (1.88 MB)</marc:subfield>
      <marc:subfield code="z">Offline epub med Adobe-kryptering (1.88 MB)</marc:subfield>
    </marc:datafield>
    <marc:datafield tag="852" ind1=" " ind2=" ">
      <marc:subfield code="5">Habo</marc:subfield>
      <marc:subfield code="b">Habo</marc:subfield>
      <marc:subfield code="c">E-Bok</marc:subfield>
      <marc:subfield code="h">Hc.01/DR</marc:subfield>
      <marc:subfield code="x">origin:Elib</marc:subfield>
      <marc:subfield code="z">Online epub (1.88 MB)</marc:subfield>
      <marc:subfield code="z">Offline epub med Adobe-kryptering (1.88 MB)</marc:subfield>
    </marc:datafield>
    <marc:datafield tag="852" ind1=" " ind2=" ">
      <marc:subfield code="5">Hamn</marc:subfield>
      <marc:subfield code="b">Hamn</marc:subfield>
      <marc:subfield code="c">E-Bok</marc:subfield>
      <marc:subfield code="h">Hc.01/DR</marc:subfield>
      <marc:subfield code="x">origin:Elib</marc:subfield>
      <marc:subfield code="z">Online epub (1.88 MB)</marc:subfield>
      <marc:subfield code="z">Offline epub med Adobe-kryptering (1.88 MB)</marc:subfield>
    </marc:datafield>
    <marc:datafield tag="852" ind1=" " ind2=" ">
      <marc:subfield code="5">Helg</marc:subfield>
      <marc:subfield code="b">Helg</marc:subfield>
      <marc:subfield code="c">E-Bok</marc:subfield>
      <marc:subfield code="h">Hc.01/DR</marc:subfield>
      <marc:subfield code="x">origin:Elib</marc:subfield>
      <marc:subfield code="z">Online epub (1.88 MB)</marc:subfield>
      <marc:subfield code="z">Offline epub med Adobe-kryptering (1.88 MB)</marc:subfield>
    </marc:datafield>
    <marc:datafield tag="852" ind1=" " ind2=" ">
      <marc:subfield code="5">HibE</marc:subfield>
      <marc:subfield code="b">HibE</marc:subfield>
      <marc:subfield code="c">E-Bok</marc:subfield>
      <marc:subfield code="h">Hc.01/DR</marc:subfield>
      <marc:subfield code="x">origin:Elib</marc:subfield>
      <marc:subfield code="z">Online epub (1.88 MB)</marc:subfield>
      <marc:subfield code="z">Offline epub med Adobe-kryptering (1.88 MB)</marc:subfield>
    </marc:datafield>
    <marc:datafield tag="852" ind1=" " ind2=" ">
      <marc:subfield code="5">HsdE</marc:subfield>
      <marc:subfield code="b">HsdE</marc:subfield>
      <marc:subfield code="c">E-Bok</marc:subfield>
      <marc:subfield code="h">Hc.01/DR</marc:subfield>
      <marc:subfield code="x">origin:Elib</marc:subfield>
      <marc:subfield code="z">Online epub (1.88 MB)</marc:subfield>
      <marc:subfield code="z">Offline epub med Adobe-kryptering (1.88 MB)</marc:subfield>
    </marc:datafield>
    <marc:datafield tag="852" ind1=" " ind2=" ">
      <marc:subfield code="5">Kas</marc:subfield>
      <marc:subfield code="b">Kas</marc:subfield>
      <marc:subfield code="c">E-Bok</marc:subfield>
      <marc:subfield code="h">Hc.01/DR</marc:subfield>
      <marc:subfield code="x">origin:Elib</marc:subfield>
      <marc:subfield code="z">Online epub (1.88 MB)</marc:subfield>
      <marc:subfield code="z">Offline epub med Adobe-kryptering (1.88 MB)</marc:subfield>
    </marc:datafield>
    <marc:datafield tag="852" ind1=" " ind2=" ">
      <marc:subfield code="5">Kniv</marc:subfield>
      <marc:subfield code="b">Kniv</marc:subfield>
      <marc:subfield code="c">E-Bok</marc:subfield>
      <marc:subfield code="h">Hc.01/DR</marc:subfield>
      <marc:subfield code="x">origin:Elib</marc:subfield>
      <marc:subfield code="z">Online epub (1.88 MB)</marc:subfield>
      <marc:subfield code="z">Offline epub med Adobe-kryptering (1.88 MB)</marc:subfield>
    </marc:datafield>
    <marc:datafield tag="852" ind1=" " ind2=" ">
      <marc:subfield code="5">Krkb</marc:subfield>
      <marc:subfield code="b">Krkb</marc:subfield>
      <marc:subfield code="c">E-Bok</marc:subfield>
      <marc:subfield code="h">Hc.01/DR</marc:subfield>
      <marc:subfield code="x">origin:Elib</marc:subfield>
      <marc:subfield code="z">Online epub (1.88 MB)</marc:subfield>
      <marc:subfield code="z">Offline epub med Adobe-kryptering (1.88 MB)</marc:subfield>
    </marc:datafield>
    <marc:datafield tag="852" ind1=" " ind2=" ">
      <marc:subfield code="5">Kssb</marc:subfield>
      <marc:subfield code="b">Kssb</marc:subfield>
      <marc:subfield code="c">E-Bok</marc:subfield>
      <marc:subfield code="h">Hc.01/DR</marc:subfield>
      <marc:subfield code="x">origin:Elib</marc:subfield>
      <marc:subfield code="z">Online epub (1.88 MB)</marc:subfield>
      <marc:subfield code="z">Offline epub med Adobe-kryptering (1.88 MB)</marc:subfield>
    </marc:datafield>
    <marc:datafield tag="852" ind1=" " ind2=" ">
      <marc:subfield code="5">Leru</marc:subfield>
      <marc:subfield code="b">Leru</marc:subfield>
      <marc:subfield code="c">E-Bok</marc:subfield>
      <marc:subfield code="h">Hc.01/DR</marc:subfield>
      <marc:subfield code="x">origin:Elib</marc:subfield>
      <marc:subfield code="z">Online epub (1.88 MB)</marc:subfield>
      <marc:subfield code="z">Offline epub med Adobe-kryptering (1.88 MB)</marc:subfield>
    </marc:datafield>
    <marc:datafield tag="852" ind1=" " ind2=" ">
      <marc:subfield code="5">Less</marc:subfield>
      <marc:subfield code="b">Less</marc:subfield>
      <marc:subfield code="c">E-Bok</marc:subfield>
      <marc:subfield code="h">Hc.01/DR</marc:subfield>
      <marc:subfield code="x">origin:Elib</marc:subfield>
      <marc:subfield code="z">Online epub (1.88 MB)</marc:subfield>
      <marc:subfield code="z">Offline epub med Adobe-kryptering (1.88 MB)</marc:subfield>
    </marc:datafield>
    <marc:datafield tag="852" ind1=" " ind2=" ">
      <marc:subfield code="5">Lyck</marc:subfield>
      <marc:subfield code="b">Lyck</marc:subfield>
      <marc:subfield code="c">E-Bok</marc:subfield>
      <marc:subfield code="h">Hc.01/DR</marc:subfield>
      <marc:subfield code="x">origin:Elib</marc:subfield>
      <marc:subfield code="z">Online epub (1.88 MB)</marc:subfield>
      <marc:subfield code="z">Offline epub med Adobe-kryptering (1.88 MB)</marc:subfield>
    </marc:datafield>
    <marc:datafield tag="852" ind1=" " ind2=" ">
      <marc:subfield code="5">MoE</marc:subfield>
      <marc:subfield code="b">MoE</marc:subfield>
      <marc:subfield code="c">E-Bok</marc:subfield>
      <marc:subfield code="h">Hc.01/DR</marc:subfield>
      <marc:subfield code="x">origin:Elib</marc:subfield>
      <marc:subfield code="z">Online epub (1.88 MB)</marc:subfield>
      <marc:subfield code="z">Offline epub med Adobe-kryptering (1.88 MB)</marc:subfield>
    </marc:datafield>
    <marc:datafield tag="852" ind1=" " ind2=" ">
      <marc:subfield code="5">Munk</marc:subfield>
      <marc:subfield code="b">Munk</marc:subfield>
      <marc:subfield code="c">E-Bok</marc:subfield>
      <marc:subfield code="h">Hc.01/DR</marc:subfield>
      <marc:subfield code="x">origin:Elib</marc:subfield>
      <marc:subfield code="z">Online epub (1.88 MB)</marc:subfield>
      <marc:subfield code="z">Offline epub med Adobe-kryptering (1.88 MB)</marc:subfield>
    </marc:datafield>
    <marc:datafield tag="852" ind1=" " ind2=" ">
      <marc:subfield code="5">Nass</marc:subfield>
      <marc:subfield code="b">Nass</marc:subfield>
      <marc:subfield code="c">E-Bok</marc:subfield>
      <marc:subfield code="h">Hc.01/DR</marc:subfield>
      <marc:subfield code="x">origin:Elib</marc:subfield>
      <marc:subfield code="z">Online epub (1.88 MB)</marc:subfield>
      <marc:subfield code="z">Offline epub med Adobe-kryptering (1.88 MB)</marc:subfield>
    </marc:datafield>
    <marc:datafield tag="852" ind1=" " ind2=" ">
      <marc:subfield code="5">Okb</marc:subfield>
      <marc:subfield code="b">Okb</marc:subfield>
      <marc:subfield code="c">E-Bok</marc:subfield>
      <marc:subfield code="h">Hc.01/DR</marc:subfield>
      <marc:subfield code="x">origin:Elib</marc:subfield>
      <marc:subfield code="z">Online epub (1.88 MB)</marc:subfield>
      <marc:subfield code="z">Offline epub med Adobe-kryptering (1.88 MB)</marc:subfield>
    </marc:datafield>
    <marc:datafield tag="852" ind1=" " ind2=" ">
      <marc:subfield code="5">Skkf</marc:subfield>
      <marc:subfield code="b">Skkf</marc:subfield>
      <marc:subfield code="c">E-Bok</marc:subfield>
      <marc:subfield code="h">Hc.01/DR</marc:subfield>
      <marc:subfield code="x">origin:Elib</marc:subfield>
      <marc:subfield code="z">Online epub (1.88 MB)</marc:subfield>
      <marc:subfield code="z">Offline epub med Adobe-kryptering (1.88 MB)</marc:subfield>
    </marc:datafield>
    <marc:datafield tag="852" ind1=" " ind2=" ">
      <marc:subfield code="5">Soll</marc:subfield>
      <marc:subfield code="b">Soll</marc:subfield>
      <marc:subfield code="c">E-Bok</marc:subfield>
      <marc:subfield code="h">Hc.01/DR</marc:subfield>
      <marc:subfield code="x">origin:Elib</marc:subfield>
      <marc:subfield code="z">Online epub (1.88 MB)</marc:subfield>
      <marc:subfield code="z">Offline epub med Adobe-kryptering (1.88 MB)</marc:subfield>
    </marc:datafield>
    <marc:datafield tag="852" ind1=" " ind2=" ">
      <marc:subfield code="5">Tanu</marc:subfield>
      <marc:subfield code="b">Tanu</marc:subfield>
      <marc:subfield code="c">E-Bok</marc:subfield>
      <marc:subfield code="h">Hc.01/DR</marc:subfield>
      <marc:subfield code="x">origin:Elib</marc:subfield>
      <marc:subfield code="z">Online epub (1.88 MB)</marc:subfield>
      <marc:subfield code="z">Offline epub med Adobe-kryptering (1.88 MB)</marc:subfield>
    </marc:datafield>
    <marc:datafield tag="852" ind1=" " ind2=" ">
      <marc:subfield code="5">TimE</marc:subfield>
      <marc:subfield code="b">TimE</marc:subfield>
      <marc:subfield code="c">E-Bok</marc:subfield>
      <marc:subfield code="h">Hc.01/DR</marc:subfield>
      <marc:subfield code="x">origin:Elib</marc:subfield>
      <marc:subfield code="z">Online epub (1.88 MB)</marc:subfield>
      <marc:subfield code="z">Offline epub med Adobe-kryptering (1.88 MB)</marc:subfield>
    </marc:datafield>
    <marc:datafield tag="852" ind1=" " ind2=" ">
      <marc:subfield code="5">Trel</marc:subfield>
      <marc:subfield code="b">Trel</marc:subfield>
      <marc:subfield code="c">E-Bok</marc:subfield>
      <marc:subfield code="h">Hc.01/DR</marc:subfield>
      <marc:subfield code="x">origin:Elib</marc:subfield>
      <marc:subfield code="z">Online epub (1.88 MB)</marc:subfield>
      <marc:subfield code="z">Offline epub med Adobe-kryptering (1.88 MB)</marc:subfield>
    </marc:datafield>
    <marc:datafield tag="852" ind1=" " ind2=" ">
      <marc:subfield code="5">Um</marc:subfield>
      <marc:subfield code="b">Um</marc:subfield>
      <marc:subfield code="c">E-Bok</marc:subfield>
      <marc:subfield code="h">Hc.01/DR</marc:subfield>
      <marc:subfield code="x">origin:Elib</marc:subfield>
      <marc:subfield code="z">Online epub (1.88 MB)</marc:subfield>
      <marc:subfield code="z">Offline epub med Adobe-kryptering (1.88 MB)</marc:subfield>
    </marc:datafield>
    <marc:datafield tag="856" ind1="4" ind2="2">
      <marc:subfield code="5">Afb</marc:subfield>
      <marc:subfield code="u">http://kulturivast.elib.se/Books/Details/1047974</marc:subfield>
      <marc:subfield code="x">origin:Elib</marc:subfield>
      <marc:subfield code="z">Ln̄a frn̄ ditt bibliotek. Ln̄ekort krṽs.</marc:subfield>
    </marc:datafield>
    <marc:datafield tag="856" ind1="4" ind2="2">
      <marc:subfield code="5">GbgE</marc:subfield>
      <marc:subfield code="u">https://e-gotlib.elib.se/Books/Details/1047974</marc:subfield>
      <marc:subfield code="x">origin:Elib</marc:subfield>
      <marc:subfield code="z">Ln̄a frn̄ ditt bibliotek. Ln̄ekort krṽs.</marc:subfield>
    </marc:datafield>
    <marc:datafield tag="856" ind1="4" ind2="2">
      <marc:subfield code="5">Hamn</marc:subfield>
      <marc:subfield code="u">http://kulturivast.elib.se/Books/Details/1047974</marc:subfield>
      <marc:subfield code="x">origin:Elib</marc:subfield>
      <marc:subfield code="z">Ln̄a frn̄ ditt bibliotek. Ln̄ekort krṽs.</marc:subfield>
    </marc:datafield>
    <marc:datafield tag="856" ind1="4" ind2="2">
      <marc:subfield code="5">HibE</marc:subfield>
      <marc:subfield code="u">https://hb.elib.se/Books/Details/1047974</marc:subfield>
      <marc:subfield code="x">origin:Elib</marc:subfield>
      <marc:subfield code="z">Ln̄a frn̄ ditt bibliotek. Ln̄ekort krṽs.</marc:subfield>
    </marc:datafield>
    <marc:datafield tag="856" ind1="4" ind2="2">
      <marc:subfield code="5">Leru</marc:subfield>
      <marc:subfield code="u">http://kulturivast.elib.se/Books/Details/1047974</marc:subfield>
      <marc:subfield code="x">origin:Elib</marc:subfield>
      <marc:subfield code="z">Ln̄a frn̄ ditt bibliotek. Ln̄ekort krṽs.</marc:subfield>
    </marc:datafield>
    <marc:datafield tag="856" ind1="4" ind2="2">
      <marc:subfield code="5">Lyck</marc:subfield>
      <marc:subfield code="u">http://kulturivast.elib.se/Books/Details/1047974</marc:subfield>
      <marc:subfield code="x">origin:Elib</marc:subfield>
      <marc:subfield code="z">Ln̄a frn̄ ditt bibliotek. Ln̄ekort krṽs.</marc:subfield>
    </marc:datafield>
    <marc:datafield tag="856" ind1="4" ind2="2">
      <marc:subfield code="5">MoE</marc:subfield>
      <marc:subfield code="u">https://malmo.elib.se/Books/Details/1047974</marc:subfield>
      <marc:subfield code="x">origin:Elib</marc:subfield>
      <marc:subfield code="z">Ln̄a frn̄ ditt bibliotek. Ln̄ekort krṽs.</marc:subfield>
    </marc:datafield>
    <marc:datafield tag="856" ind1="4" ind2="2">
      <marc:subfield code="5">Munk</marc:subfield>
      <marc:subfield code="u">http://kulturivast.elib.se/Books/Details/1047974</marc:subfield>
      <marc:subfield code="x">origin:Elib</marc:subfield>
      <marc:subfield code="z">Ln̄a frn̄ ditt bibliotek. Ln̄ekort krṽs.</marc:subfield>
    </marc:datafield>
    <marc:datafield tag="856" ind1="4" ind2="2">
      <marc:subfield code="5">Skkf</marc:subfield>
      <marc:subfield code="u">http://kulturivast.elib.se/Books/Details/1047974</marc:subfield>
      <marc:subfield code="x">origin:Elib</marc:subfield>
      <marc:subfield code="z">Ln̄a frn̄ ditt bibliotek. Ln̄ekort krṽs.</marc:subfield>
    </marc:datafield>
    <marc:datafield tag="856" ind1="4" ind2="2">
      <marc:subfield code="5">Tanu</marc:subfield>
      <marc:subfield code="u">http://kulturivast.elib.se/Books/Details/1047974</marc:subfield>
      <marc:subfield code="x">origin:Elib</marc:subfield>
      <marc:subfield code="z">Ln̄a frn̄ ditt bibliotek. Ln̄ekort krṽs.</marc:subfield>
    </marc:datafield>
    <marc:datafield tag="887" ind1=" " ind2=" ">
      <marc:subfield code="a">{"@id":"6qjw194j0v3tv7p","modified":"2017-03-22T15:06:45+01:00","checksum":"69374416867"}</marc:subfield>
      <marc:subfield code="2">librisxl</marc:subfield>
    </marc:datafield>
    <marc:datafield tag="887" ind1=" " ind2=" ">
      <marc:subfield code="5">Afb</marc:subfield>
      <marc:subfield code="a">{"@id":"gqrlbk46d6lvzl2k","modified":"2018-10-09T14:20:35.544+02:00","checksum":"26889539589"}</marc:subfield>
      <marc:subfield code="2">librisxl</marc:subfield>
    </marc:datafield>
    <marc:datafield tag="887" ind1=" " ind2=" ">
      <marc:subfield code="5">BOKR</marc:subfield>
      <marc:subfield code="a">{"@id":"8jfg0x4q6nxxlb1q","modified":"2018-09-06T09:04:19.695+02:00","checksum":"22221597435"}</marc:subfield>
      <marc:subfield code="2">librisxl</marc:subfield>
    </marc:datafield>
    <marc:datafield tag="887" ind1=" " ind2=" ">
      <marc:subfield code="5">BinE</marc:subfield>
      <marc:subfield code="a">{"@id":"w18hfs5228j7z20","modified":"2017-04-25T15:06:15+02:00","checksum":"46202565334"}</marc:subfield>
      <marc:subfield code="2">librisxl</marc:subfield>
    </marc:datafield>
    <marc:datafield tag="887" ind1=" " ind2=" ">
      <marc:subfield code="5">Biv</marc:subfield>
      <marc:subfield code="a">{"@id":"04cljw855sr1t2m","modified":"2017-04-25T15:06:15+02:00","checksum":"48129676258"}</marc:subfield>
      <marc:subfield code="2">librisxl</marc:subfield>
    </marc:datafield>
    <marc:datafield tag="887" ind1=" " ind2=" ">
      <marc:subfield code="5">Elan</marc:subfield>
      <marc:subfield code="a">{"@id":"3c752vcs1d8g7c4c","modified":"2018-08-27T14:24:54.706+02:00","checksum":"29134377377"}</marc:subfield>
      <marc:subfield code="2">librisxl</marc:subfield>
    </marc:datafield>
    <marc:datafield tag="887" ind1=" " ind2=" ">
      <marc:subfield code="5">Elib</marc:subfield>
      <marc:subfield code="a">{"@id":"tz6fcq3037jc0rv","modified":"2019-02-20T14:41:21.039+01:00","checksum":"28771820903"}</marc:subfield>
      <marc:subfield code="2">librisxl</marc:subfield>
    </marc:datafield>
    <marc:datafield tag="887" ind1=" " ind2=" ">
      <marc:subfield code="5">GbgE</marc:subfield>
      <marc:subfield code="a">{"@id":"z3bkhv7435cb4m3","modified":"2018-04-20T17:52:05+02:00","checksum":"45555999974"}</marc:subfield>
      <marc:subfield code="2">librisxl</marc:subfield>
    </marc:datafield>
    <marc:datafield tag="887" ind1=" " ind2=" ">
      <marc:subfield code="5">Gnos</marc:subfield>
      <marc:subfield code="a">{"@id":"6bkxmmrc222q3ss","modified":"2017-11-24T16:06:13+01:00","checksum":"38813322037"}</marc:subfield>
      <marc:subfield code="2">librisxl</marc:subfield>
    </marc:datafield>
    <marc:datafield tag="887" ind1=" " ind2=" ">
      <marc:subfield code="5">Habo</marc:subfield>
      <marc:subfield code="a">{"@id":"jnw8c6gp2t6gpnz","modified":"2017-12-05T15:52:05+01:00","checksum":"42459798783"}</marc:subfield>
      <marc:subfield code="2">librisxl</marc:subfield>
    </marc:datafield>
    <marc:datafield tag="887" ind1=" " ind2=" ">
      <marc:subfield code="5">Hamn</marc:subfield>
      <marc:subfield code="a">{"@id":"z783t2n6wq5qdtwf","modified":"2018-10-09T14:20:36.01+02:00","checksum":"24986539672"}</marc:subfield>
      <marc:subfield code="2">librisxl</marc:subfield>
    </marc:datafield>
    <marc:datafield tag="887" ind1=" " ind2=" ">
      <marc:subfield code="5">Helg</marc:subfield>
      <marc:subfield code="a">{"@id":"7clznnsd4f5kkb6","modified":"2017-11-24T16:06:14+01:00","checksum":"43721182935"}</marc:subfield>
      <marc:subfield code="2">librisxl</marc:subfield>
    </marc:datafield>
    <marc:datafield tag="887" ind1=" " ind2=" ">
      <marc:subfield code="5">HibE</marc:subfield>
      <marc:subfield code="a">{"@id":"15dmkx96294r77c","modified":"2018-04-20T17:52:06+02:00","checksum":"40658188833"}</marc:subfield>
      <marc:subfield code="2">librisxl</marc:subfield>
    </marc:datafield>
    <marc:datafield tag="887" ind1=" " ind2=" ">
      <marc:subfield code="5">HsdE</marc:subfield>
      <marc:subfield code="a">{"@id":"9fn1qqvg0xmwmpk","modified":"2017-11-24T16:06:14+01:00","checksum":"40345445247"}</marc:subfield>
      <marc:subfield code="2">librisxl</marc:subfield>
    </marc:datafield>
    <marc:datafield tag="887" ind1=" " ind2=" ">
      <marc:subfield code="5">Kas</marc:subfield>
      <marc:subfield code="a">{"@id":"z7r1lr1xwmmc5089","modified":"2019-02-12T11:55:15.665+01:00","checksum":"24557076734"}</marc:subfield>
      <marc:subfield code="2">librisxl</marc:subfield>
    </marc:datafield>
    <marc:datafield tag="887" ind1=" " ind2=" ">
      <marc:subfield code="5">Kniv</marc:subfield>
      <marc:subfield code="a">{"@id":"ktcj4nxthj712r72","modified":"2019-02-11T15:03:57.028+01:00","checksum":"28989560945"}</marc:subfield>
      <marc:subfield code="2">librisxl</marc:subfield>
    </marc:datafield>
    <marc:datafield tag="887" ind1=" " ind2=" ">
      <marc:subfield code="5">Krkb</marc:subfield>
      <marc:subfield code="a">{"@id":"glt98gvm5qwbh72","modified":"2018-05-24T16:12:49+02:00","checksum":"38425003353"}</marc:subfield>
      <marc:subfield code="2">librisxl</marc:subfield>
    </marc:datafield>
    <marc:datafield tag="887" ind1=" " ind2=" ">
      <marc:subfield code="5">Kssb</marc:subfield>
      <marc:subfield code="a">{"@id":"x29jgt630fzjrj2","modified":"2017-04-25T15:06:15+02:00","checksum":"43512949288"}</marc:subfield>
      <marc:subfield code="2">librisxl</marc:subfield>
    </marc:datafield>
    <marc:datafield tag="887" ind1=" " ind2=" ">
      <marc:subfield code="5">Leru</marc:subfield>
      <marc:subfield code="a">{"@id":"x672s1ljvpkn52kx","modified":"2018-10-09T14:20:35.439+02:00","checksum":"24800501504"}</marc:subfield>
      <marc:subfield code="2">librisxl</marc:subfield>
    </marc:datafield>
    <marc:datafield tag="887" ind1=" " ind2=" ">
      <marc:subfield code="5">Less</marc:subfield>
      <marc:subfield code="a">{"@id":"8dm0pptf46xl0q4","modified":"2017-11-24T16:06:14+01:00","checksum":"44544498053"}</marc:subfield>
      <marc:subfield code="2">librisxl</marc:subfield>
    </marc:datafield>
    <marc:datafield tag="887" ind1=" " ind2=" ">
      <marc:subfield code="5">Lyck</marc:subfield>
      <marc:subfield code="a">{"@id":"q01vltdkngbdg38q","modified":"2018-10-09T14:20:35.638+02:00","checksum":"29204793591"}</marc:subfield>
      <marc:subfield code="2">librisxl</marc:subfield>
    </marc:datafield>
    <marc:datafield tag="887" ind1=" " ind2=" ">
      <marc:subfield code="5">MoE</marc:subfield>
      <marc:subfield code="a">{"@id":"8dmvvtgf4hr85mf","modified":"2018-04-20T17:52:04+02:00","checksum":"44519949074"}</marc:subfield>
      <marc:subfield code="2">librisxl</marc:subfield>
    </marc:datafield>
    <marc:datafield tag="887" ind1=" " ind2=" ">
      <marc:subfield code="5">Munk</marc:subfield>
      <marc:subfield code="a">{"@id":"6ghb29w84v5pf5n5","modified":"2018-10-09T14:20:35.833+02:00","checksum":"25344353793"}</marc:subfield>
      <marc:subfield code="2">librisxl</marc:subfield>
    </marc:datafield>
    <marc:datafield tag="887" ind1=" " ind2=" ">
      <marc:subfield code="5">Nass</marc:subfield>
      <marc:subfield code="a">{"@id":"v07gdr415qslp8g","modified":"2019-01-10T14:21:16.589+01:00","checksum":"31228881249"}</marc:subfield>
      <marc:subfield code="2">librisxl</marc:subfield>
    </marc:datafield>
    <marc:datafield tag="887" ind1=" " ind2=" ">
      <marc:subfield code="5">Okb</marc:subfield>
      <marc:subfield code="a">{"@id":"dn7fwtj3bd685zx9","modified":"2019-02-20T14:41:21.104+01:00","checksum":"26950146211"}</marc:subfield>
      <marc:subfield code="2">librisxl</marc:subfield>
    </marc:datafield>
    <marc:datafield tag="887" ind1=" " ind2=" ">
      <marc:subfield code="5">Skkf</marc:subfield>
      <marc:subfield code="a">{"@id":"4df807t92d3z5c7j","modified":"2018-10-09T14:20:35.922+02:00","checksum":"22852829555"}</marc:subfield>
      <marc:subfield code="2">librisxl</marc:subfield>
    </marc:datafield>
    <marc:datafield tag="887" ind1=" " ind2=" ">
      <marc:subfield code="5">Soll</marc:subfield>
      <marc:subfield code="a">{"@id":"hr5f2crsfj53dtlp","modified":"2019-01-08T14:29:15.351+01:00","checksum":"31559275521"}</marc:subfield>
      <marc:subfield code="2">librisxl</marc:subfield>
    </marc:datafield>
    <marc:datafield tag="887" ind1=" " ind2=" ">
      <marc:subfield code="5">Tanu</marc:subfield>
      <marc:subfield code="a">{"@id":"fpqk9j4cczkvx7fw","modified":"2018-10-09T14:20:35.721+02:00","checksum":"23896549540"}</marc:subfield>
      <marc:subfield code="2">librisxl</marc:subfield>
    </marc:datafield>
    <marc:datafield tag="887" ind1=" " ind2=" ">
      <marc:subfield code="5">TimE</marc:subfield>
      <marc:subfield code="a">{"@id":"4dsfd5wm2rhvp422","modified":"2019-01-11T14:31:44.021+01:00","checksum":"29177441004"}</marc:subfield>
      <marc:subfield code="2">librisxl</marc:subfield>
    </marc:datafield>
    <marc:datafield tag="887" ind1=" " ind2=" ">
      <marc:subfield code="5">Trel</marc:subfield>
      <marc:subfield code="a">{"@id":"7cl0r7cd3wfn2jz","modified":"2018-01-08T15:25:29+01:00","checksum":"46087141928"}</marc:subfield>
      <marc:subfield code="2">librisxl</marc:subfield>
    </marc:datafield>
    <marc:datafield tag="887" ind1=" " ind2=" ">
      <marc:subfield code="5">Um</marc:subfield>
      <marc:subfield code="a">{"@id":"6bkxq5wc0h4c9kk","modified":"2017-11-30T19:45:14+01:00","checksum":"40989808333"}</marc:subfield>
      <marc:subfield code="2">librisxl</marc:subfield>
    </marc:datafield>
    <marc:datafield tag="900" ind1="1" ind2="s">
      <marc:subfield code="6">100</marc:subfield>
      <marc:subfield code="a">Olsen, Jussi Adler</marc:subfield>
      <marc:subfield code="u">Adler-Olsen, Jussi</marc:subfield>
    </marc:datafield>
  </marc:record>