
  <marc:record>
    <marc:leader>20204cim a22036737i 4500</marc:leader>
    <marc:controlfield tag="001">20010651</marc:controlfield>
    <marc:controlfield tag="003">LIBRIS</marc:controlfield>
    <marc:controlfield tag="005">20170519154617.0</marc:controlfield>
    <marc:controlfield tag="007">sd |||||||m|||         </marc:controlfield>
    <marc:controlfield tag="008">170125s2017    sw | ||||||||||f  f swe|c</marc:controlfield>
    <marc:datafield tag="020" ind1=" " ind2=" ">
      <marc:subfield code="a">9789174333770</marc:subfield>
      <marc:subfield code="q">CD-skiva</marc:subfield>
    </marc:datafield>
    <marc:datafield tag="028" ind1="0" ind2="1">
      <marc:subfield code="a">1711</marc:subfield>
      <marc:subfield code="b">IFCD</marc:subfield>
    </marc:datafield>
    <marc:datafield tag="035" ind1=" " ind2=" ">
      <marc:subfield code="a">(BOKR)9789174333770</marc:subfield>
    </marc:datafield>
    <marc:datafield tag="040" ind1=" " ind2=" ">
      <marc:subfield code="a">BOKR</marc:subfield>
      <marc:subfield code="d">Kld1</marc:subfield>
      <marc:subfield code="d">Kusb</marc:subfield>
      <marc:subfield code="e">i</marc:subfield>
    </marc:datafield>
    <marc:datafield tag="041" ind1=" " ind2=" ">
      <marc:subfield code="a">swe</marc:subfield>
      <marc:subfield code="h">dan</marc:subfield>
    </marc:datafield>
    <marc:datafield tag="082" ind1="0" ind2="4">
      <marc:subfield code="a">839.78</marc:subfield>
      <marc:subfield code="2">22 (machine generated)</marc:subfield>
    </marc:datafield>
    <marc:datafield tag="084" ind1=" " ind2=" ">
      <marc:subfield code="a">Hceda.01/LC</marc:subfield>
      <marc:subfield code="2">kssb/8</marc:subfield>
    </marc:datafield>
    <marc:datafield tag="100" ind1="1" ind2=" ">
      <marc:subfield code="a">Adler-Olsen, Jussi</marc:subfield>
      <marc:subfield code="4">aut</marc:subfield>
      <marc:subfield code="0">http://viaf.org/viaf/87407021</marc:subfield>
    </marc:datafield>
    <marc:datafield tag="240" ind1="1" ind2="0">
      <marc:subfield code="a">Selfies.</marc:subfield>
      <marc:subfield code="0">http://viaf.org/viaf/4895149068580565730005</marc:subfield>
    </marc:datafield>
    <marc:datafield tag="245" ind1="1" ind2="0">
      <marc:subfield code="a">Selfies</marc:subfield>
      <marc:subfield code="c">Adler-Olsen, Jussi</marc:subfield>
    </marc:datafield>
    <marc:datafield tag="260" ind1=" " ind2="1">
      <marc:subfield code="a">Stockholm</marc:subfield>
      <marc:subfield code="b">Bonnier Audio</marc:subfield>
      <marc:subfield code="c">2017</marc:subfield>
    </marc:datafield>
    <marc:datafield tag="300" ind1=" " ind2=" ">
      <marc:subfield code="a">15 CD (ca 18 tim.)</marc:subfield>
      <marc:subfield code="b">stereo</marc:subfield>
    </marc:datafield>
    <marc:datafield tag="336" ind1=" " ind2=" ">
      <marc:subfield code="a">spoken word</marc:subfield>
      <marc:subfield code="b">spw</marc:subfield>
      <marc:subfield code="0">http://rdaregistry.info/termList/RDAContentType/1013</marc:subfield>
      <marc:subfield code="2">rdacontent</marc:subfield>
    </marc:datafield>
    <marc:datafield tag="337" ind1=" " ind2=" ">
      <marc:subfield code="a">audio</marc:subfield>
      <marc:subfield code="b">s</marc:subfield>
      <marc:subfield code="0">http://rdaregistry.info/termList/RDAMediaType/1001</marc:subfield>
      <marc:subfield code="2">rdamedia</marc:subfield>
    </marc:datafield>
    <marc:datafield tag="338" ind1=" " ind2=" ">
      <marc:subfield code="a">audio disc</marc:subfield>
      <marc:subfield code="b">sd</marc:subfield>
      <marc:subfield code="0">http://rdaregistry.info/termList/RDACarrierType/1004</marc:subfield>
      <marc:subfield code="2">rdacarrier</marc:subfield>
    </marc:datafield>
    <marc:datafield tag="380" ind1=" " ind2=" ">
      <marc:subfield code="a">roman</marc:subfield>
      <marc:subfield code="0">http://id.loc.gov/entities/providers/d638d193eb29ac87c0950ab36b80e0e8</marc:subfield>
      <marc:subfield code="2">LCSH</marc:subfield>
    </marc:datafield>
    <marc:datafield tag="830" ind1="0" ind2=" ">
      <marc:subfield code="a">Avdelning Q</marc:subfield>
      <marc:subfield code="v">7</marc:subfield>
      <marc:subfield code="1">https://musicbrainz.org/series/9b97c04b-99ed-4e16-abff-be948e391674</marc:subfield>
    </marc:datafield>
    <marc:datafield tag="500" ind1=" " ind2=" ">
      <marc:subfield code="a">Inls̃t ur: Stockholm : Bonnier, 2017. ISBN: 9789100137250</marc:subfield>
    </marc:datafield>
    <marc:datafield tag="511" ind1="0" ind2=" ">
      <marc:subfield code="a">Inls̃are: Stefan Sauk</marc:subfield>
    </marc:datafield>
    <marc:datafield tag="600" ind1="1" ind2="4">
      <marc:subfield code="a">Mørck, Carl</marc:subfield>
      <marc:subfield code="c">Fiktiv karakter</marc:subfield>
      <marc:subfield code="e">dpc</marc:subfield>
    </marc:datafield>
    <marc:datafield tag="651" ind1=" " ind2="7">
      <marc:subfield code="a">Danmark</marc:subfield>
      <marc:subfield code="z">Kp̲enhamn</marc:subfield>
      <marc:subfield code="0">https://id.kb.se/term/sao/Danmark--K%C3%B6penhamn</marc:subfield>
      <marc:subfield code="2">sao</marc:subfield>
    </marc:datafield>
    <marc:datafield tag="655" ind1=" " ind2="4">
      <marc:subfield code="a">Thriller</marc:subfield>
    </marc:datafield>
    <marc:datafield tag="655" ind1=" " ind2="4">
      <marc:subfield code="a">Krim</marc:subfield>
    </marc:datafield>
    <marc:datafield tag="655" ind1=" " ind2="4">
      <marc:subfield code="a">Fiksjon</marc:subfield>
    </marc:datafield>
    <marc:datafield tag="700" ind1="1" ind2=" ">
      <marc:subfield code="a">Jacobsen, Leif</marc:subfield>
      <marc:subfield code="e">trl</marc:subfield>
      <marc:subfield code="0">http://viaf.org/viaf/168668724</marc:subfield>
    </marc:datafield>
    <marc:datafield tag="700" ind1="1" ind2=" ">
      <marc:subfield code="a">Sauk, Stefan</marc:subfield>
      <marc:subfield code="0">http://viaf.org/viaf/305411557</marc:subfield>
      <marc:subfield code="e">nrt</marc:subfield>
    </marc:datafield>
    <marc:datafield tag="841" ind1=" " ind2=" ">
      <marc:subfield code="5">Alvb</marc:subfield>
      <marc:subfield code="a">x  a</marc:subfield>
      <marc:subfield code="b">170404||0000|||||000||||||000000</marc:subfield>
      <marc:subfield code="e">1</marc:subfield>
    </marc:datafield>
    <marc:datafield tag="841" ind1=" " ind2=" ">
      <marc:subfield code="5">Arja</marc:subfield>
      <marc:subfield code="a">x  a</marc:subfield>
      <marc:subfield code="b">170328||0000|||||000||||||000000</marc:subfield>
      <marc:subfield code="e">|</marc:subfield>
    </marc:datafield>
    <marc:datafield tag="841" ind1=" " ind2=" ">
      <marc:subfield code="5">Arje</marc:subfield>
      <marc:subfield code="a">x  a</marc:subfield>
      <marc:subfield code="b">170428||0000|||||000||||||000000</marc:subfield>
      <marc:subfield code="e">1</marc:subfield>
    </marc:datafield>
    <marc:datafield tag="841" ind1=" " ind2=" ">
      <marc:subfield code="5">Arlo</marc:subfield>
      <marc:subfield code="a">x  a</marc:subfield>
      <marc:subfield code="b">170429||0000|||||000||||||000000</marc:subfield>
      <marc:subfield code="e">|</marc:subfield>
    </marc:datafield>
    <marc:datafield tag="841" ind1=" " ind2=" ">
      <marc:subfield code="5">Arvk</marc:subfield>
      <marc:subfield code="a">x  a</marc:subfield>
      <marc:subfield code="b">170309||0000|||||000||||||000000</marc:subfield>
      <marc:subfield code="e">1</marc:subfield>
    </marc:datafield>
    <marc:datafield tag="841" ind1=" " ind2=" ">
      <marc:subfield code="5">Asel</marc:subfield>
      <marc:subfield code="a">x  a</marc:subfield>
      <marc:subfield code="b">170301||0000|||||000||||||000000</marc:subfield>
      <marc:subfield code="e">1</marc:subfield>
    </marc:datafield>
    <marc:datafield tag="841" ind1=" " ind2=" ">
      <marc:subfield code="5">Atvi</marc:subfield>
      <marc:subfield code="a">x  a</marc:subfield>
      <marc:subfield code="b">170328||0000|||||000||||||000000</marc:subfield>
      <marc:subfield code="e">|</marc:subfield>
    </marc:datafield>
    <marc:datafield tag="841" ind1=" " ind2=" ">
      <marc:subfield code="5">BOKR</marc:subfield>
      <marc:subfield code="a">x  a</marc:subfield>
      <marc:subfield code="b">170125||0000|||||000||||||000000</marc:subfield>
      <marc:subfield code="e">1</marc:subfield>
    </marc:datafield>
    <marc:datafield tag="841" ind1=" " ind2=" ">
      <marc:subfield code="5">Bers</marc:subfield>
      <marc:subfield code="a">x  a</marc:subfield>
      <marc:subfield code="b">170405||0000|||||000||||||000000</marc:subfield>
      <marc:subfield code="e">1</marc:subfield>
    </marc:datafield>
    <marc:datafield tag="841" ind1=" " ind2=" ">
      <marc:subfield code="5">Bo</marc:subfield>
      <marc:subfield code="a">x  a</marc:subfield>
      <marc:subfield code="b">170217||0000|||||000||||||000000</marc:subfield>
      <marc:subfield code="e">1</marc:subfield>
    </marc:datafield>
    <marc:datafield tag="841" ind1=" " ind2=" ">
      <marc:subfield code="5">Bode</marc:subfield>
      <marc:subfield code="a">x  a</marc:subfield>
      <marc:subfield code="b">170410||0000|||||000||||||000000</marc:subfield>
      <marc:subfield code="e">1</marc:subfield>
    </marc:datafield>
    <marc:datafield tag="841" ind1=" " ind2=" ">
      <marc:subfield code="5">Boxh</marc:subfield>
      <marc:subfield code="a">x  a</marc:subfield>
      <marc:subfield code="b">170522||0000|||||000||||||000000</marc:subfield>
      <marc:subfield code="e">|</marc:subfield>
    </marc:datafield>
    <marc:datafield tag="841" ind1=" " ind2=" ">
      <marc:subfield code="5">Das</marc:subfield>
      <marc:subfield code="a">x  a</marc:subfield>
      <marc:subfield code="b">170505||0000|||||000||||||000000</marc:subfield>
      <marc:subfield code="e">|</marc:subfield>
    </marc:datafield>
    <marc:datafield tag="841" ind1=" " ind2=" ">
      <marc:subfield code="5">Doro</marc:subfield>
      <marc:subfield code="a">x  a</marc:subfield>
      <marc:subfield code="b">170511||0000|||||000||||||000000</marc:subfield>
      <marc:subfield code="e">|</marc:subfield>
    </marc:datafield>
    <marc:datafield tag="841" ind1=" " ind2=" ">
      <marc:subfield code="5">Eda</marc:subfield>
      <marc:subfield code="a">x  a</marc:subfield>
      <marc:subfield code="b">170510||0000|||||000||||||000000</marc:subfield>
      <marc:subfield code="e">1</marc:subfield>
    </marc:datafield>
    <marc:datafield tag="841" ind1=" " ind2=" ">
      <marc:subfield code="5">Edsb</marc:subfield>
      <marc:subfield code="a">x  a</marc:subfield>
      <marc:subfield code="b">170405||0000|||||000||||||000000</marc:subfield>
      <marc:subfield code="e">1</marc:subfield>
    </marc:datafield>
    <marc:datafield tag="841" ind1=" " ind2=" ">
      <marc:subfield code="5">Eksj</marc:subfield>
      <marc:subfield code="a">x  a</marc:subfield>
      <marc:subfield code="b">170503||0000|||||000||||||000000</marc:subfield>
      <marc:subfield code="e">|</marc:subfield>
    </marc:datafield>
    <marc:datafield tag="841" ind1=" " ind2=" ">
      <marc:subfield code="5">Fili</marc:subfield>
      <marc:subfield code="a">x  a</marc:subfield>
      <marc:subfield code="b">170309||0000|||||000||||||000000</marc:subfield>
      <marc:subfield code="e">1</marc:subfield>
    </marc:datafield>
    <marc:datafield tag="841" ind1=" " ind2=" ">
      <marc:subfield code="5">Forh</marc:subfield>
      <marc:subfield code="a">x  a</marc:subfield>
      <marc:subfield code="b">170220||0000|||||000||||||000000</marc:subfield>
      <marc:subfield code="e">1</marc:subfield>
    </marc:datafield>
    <marc:datafield tag="841" ind1=" " ind2=" ">
      <marc:subfield code="5">Gall</marc:subfield>
      <marc:subfield code="a">x  a</marc:subfield>
      <marc:subfield code="b">170502||0000|||||000||||||000000</marc:subfield>
      <marc:subfield code="e">|</marc:subfield>
    </marc:datafield>
    <marc:datafield tag="841" ind1=" " ind2=" ">
      <marc:subfield code="5">Gav</marc:subfield>
      <marc:subfield code="a">x  a</marc:subfield>
      <marc:subfield code="b">170321||0000|||||000||||||000000</marc:subfield>
      <marc:subfield code="e">1</marc:subfield>
    </marc:datafield>
    <marc:datafield tag="841" ind1=" " ind2=" ">
      <marc:subfield code="5">Gbg</marc:subfield>
      <marc:subfield code="a">x  a</marc:subfield>
      <marc:subfield code="b">170310||0000|||||000||||||000000</marc:subfield>
      <marc:subfield code="e">1</marc:subfield>
    </marc:datafield>
    <marc:datafield tag="841" ind1=" " ind2=" ">
      <marc:subfield code="5">Hagf</marc:subfield>
      <marc:subfield code="a">x  a</marc:subfield>
      <marc:subfield code="b">170310||0000|||||000||||||000000</marc:subfield>
      <marc:subfield code="e">1</marc:subfield>
    </marc:datafield>
    <marc:datafield tag="841" ind1=" " ind2=" ">
      <marc:subfield code="5">Hapa</marc:subfield>
      <marc:subfield code="a">x  a</marc:subfield>
      <marc:subfield code="b">170410||0000|||||000||||||000000</marc:subfield>
      <marc:subfield code="e">1</marc:subfield>
    </marc:datafield>
    <marc:datafield tag="841" ind1=" " ind2=" ">
      <marc:subfield code="5">Harj</marc:subfield>
      <marc:subfield code="a">x  a</marc:subfield>
      <marc:subfield code="b">170324||0000|||||000||||||000000</marc:subfield>
      <marc:subfield code="e">1</marc:subfield>
    </marc:datafield>
    <marc:datafield tag="841" ind1=" " ind2=" ">
      <marc:subfield code="5">Hena</marc:subfield>
      <marc:subfield code="a">x  a</marc:subfield>
      <marc:subfield code="b">170502||0000|||||000||||||000000</marc:subfield>
      <marc:subfield code="e">|</marc:subfield>
    </marc:datafield>
    <marc:datafield tag="841" ind1=" " ind2=" ">
      <marc:subfield code="5">Hofo</marc:subfield>
      <marc:subfield code="a">x  a</marc:subfield>
      <marc:subfield code="b">170309||0000|||||000||||||000000</marc:subfield>
      <marc:subfield code="e">1</marc:subfield>
    </marc:datafield>
    <marc:datafield tag="841" ind1=" " ind2=" ">
      <marc:subfield code="5">Hova</marc:subfield>
      <marc:subfield code="a">x  a</marc:subfield>
      <marc:subfield code="b">170505||0000|||||000||||||000000</marc:subfield>
      <marc:subfield code="e">|</marc:subfield>
    </marc:datafield>
    <marc:datafield tag="841" ind1=" " ind2=" ">
      <marc:subfield code="5">Hudi</marc:subfield>
      <marc:subfield code="a">x  a</marc:subfield>
      <marc:subfield code="b">170407||0000|||||000||||||000000</marc:subfield>
      <marc:subfield code="e">1</marc:subfield>
    </marc:datafield>
    <marc:datafield tag="841" ind1=" " ind2=" ">
      <marc:subfield code="5">Jokk</marc:subfield>
      <marc:subfield code="a">x  a</marc:subfield>
      <marc:subfield code="b">170428||0000|||||000||||||000000</marc:subfield>
      <marc:subfield code="e">1</marc:subfield>
    </marc:datafield>
    <marc:datafield tag="841" ind1=" " ind2=" ">
      <marc:subfield code="5">Kali</marc:subfield>
      <marc:subfield code="a">x  a</marc:subfield>
      <marc:subfield code="b">170329||0000|||||000||||||000000</marc:subfield>
      <marc:subfield code="e">1</marc:subfield>
    </marc:datafield>
    <marc:datafield tag="841" ind1=" " ind2=" ">
      <marc:subfield code="5">Kils</marc:subfield>
      <marc:subfield code="a">x  a</marc:subfield>
      <marc:subfield code="b">170315||0000|||||000||||||000000</marc:subfield>
      <marc:subfield code="e">1</marc:subfield>
    </marc:datafield>
    <marc:datafield tag="841" ind1=" " ind2=" ">
      <marc:subfield code="5">Kisb</marc:subfield>
      <marc:subfield code="a">x  a</marc:subfield>
      <marc:subfield code="b">170406||0000|||||000||||||000000</marc:subfield>
      <marc:subfield code="e">1</marc:subfield>
    </marc:datafield>
    <marc:datafield tag="841" ind1=" " ind2=" ">
      <marc:subfield code="5">Kld1</marc:subfield>
      <marc:subfield code="a">x  a</marc:subfield>
      <marc:subfield code="b">170303||0000|||||000||||||000000</marc:subfield>
      <marc:subfield code="e">1</marc:subfield>
    </marc:datafield>
    <marc:datafield tag="841" ind1=" " ind2=" ">
      <marc:subfield code="5">Kris</marc:subfield>
      <marc:subfield code="a">x  a</marc:subfield>
      <marc:subfield code="b">170221||0000|||||000||||||000000</marc:subfield>
      <marc:subfield code="e">1</marc:subfield>
    </marc:datafield>
    <marc:datafield tag="841" ind1=" " ind2=" ">
      <marc:subfield code="5">Ksb</marc:subfield>
      <marc:subfield code="a">x  a</marc:subfield>
      <marc:subfield code="b">170502||0000|||||000||||||000000</marc:subfield>
      <marc:subfield code="e">|</marc:subfield>
    </marc:datafield>
    <marc:datafield tag="841" ind1=" " ind2=" ">
      <marc:subfield code="5">Kssb</marc:subfield>
      <marc:subfield code="a">x  a</marc:subfield>
      <marc:subfield code="b">170407||0000|||||000||||||000000</marc:subfield>
      <marc:subfield code="e">|</marc:subfield>
    </marc:datafield>
    <marc:datafield tag="841" ind1=" " ind2=" ">
      <marc:subfield code="5">Kusb</marc:subfield>
      <marc:subfield code="a">x  a</marc:subfield>
      <marc:subfield code="b">170224||0000|||||000||||||000000</marc:subfield>
      <marc:subfield code="e">1</marc:subfield>
    </marc:datafield>
    <marc:datafield tag="841" ind1=" " ind2=" ">
      <marc:subfield code="5">Ldsb</marc:subfield>
      <marc:subfield code="a">x  a</marc:subfield>
      <marc:subfield code="b">170407||0000|||||000||||||000000</marc:subfield>
      <marc:subfield code="e">|</marc:subfield>
    </marc:datafield>
    <marc:datafield tag="841" ind1=" " ind2=" ">
      <marc:subfield code="5">Leru</marc:subfield>
      <marc:subfield code="a">x  a</marc:subfield>
      <marc:subfield code="b">170220||0000|||||000||||||000000</marc:subfield>
      <marc:subfield code="e">1</marc:subfield>
    </marc:datafield>
    <marc:datafield tag="841" ind1=" " ind2=" ">
      <marc:subfield code="5">Lin1</marc:subfield>
      <marc:subfield code="a">x  a</marc:subfield>
      <marc:subfield code="b">170130||0000|||||000||||||000000</marc:subfield>
      <marc:subfield code="e">|</marc:subfield>
    </marc:datafield>
    <marc:datafield tag="841" ind1=" " ind2=" ">
      <marc:subfield code="5">Ljus</marc:subfield>
      <marc:subfield code="a">x  a</marc:subfield>
      <marc:subfield code="b">170405||0000|||||000||||||000000</marc:subfield>
      <marc:subfield code="e">1</marc:subfield>
    </marc:datafield>
    <marc:datafield tag="841" ind1=" " ind2=" ">
      <marc:subfield code="5">Lobj</marc:subfield>
      <marc:subfield code="a">x  a</marc:subfield>
      <marc:subfield code="b">170502||0000|||||000||||||000000</marc:subfield>
      <marc:subfield code="e">|</marc:subfield>
    </marc:datafield>
    <marc:datafield tag="841" ind1=" " ind2=" ">
      <marc:subfield code="5">Lule</marc:subfield>
      <marc:subfield code="a">x  a</marc:subfield>
      <marc:subfield code="b">170131||0000|||||000||||||000000</marc:subfield>
      <marc:subfield code="e">1</marc:subfield>
    </marc:datafield>
    <marc:datafield tag="841" ind1=" " ind2=" ">
      <marc:subfield code="5">Lyb</marc:subfield>
      <marc:subfield code="a">x  a</marc:subfield>
      <marc:subfield code="b">170424||0000|||||000||||||000000</marc:subfield>
      <marc:subfield code="e">1</marc:subfield>
    </marc:datafield>
    <marc:datafield tag="841" ind1=" " ind2=" ">
      <marc:subfield code="5">Lyck</marc:subfield>
      <marc:subfield code="a">x  a</marc:subfield>
      <marc:subfield code="b">170509||0000|||||000||||||000000</marc:subfield>
      <marc:subfield code="e">|</marc:subfield>
    </marc:datafield>
    <marc:datafield tag="841" ind1=" " ind2=" ">
      <marc:subfield code="5">Mala</marc:subfield>
      <marc:subfield code="a">x  a</marc:subfield>
      <marc:subfield code="b">170510||0000|||||000||||||000000</marc:subfield>
      <marc:subfield code="e">1</marc:subfield>
    </marc:datafield>
    <marc:datafield tag="841" ind1=" " ind2=" ">
      <marc:subfield code="5">Mari</marc:subfield>
      <marc:subfield code="a">x  a</marc:subfield>
      <marc:subfield code="b">170509||0000|||||000||||||000000</marc:subfield>
      <marc:subfield code="e">|</marc:subfield>
    </marc:datafield>
    <marc:datafield tag="841" ind1=" " ind2=" ">
      <marc:subfield code="5">Mjob</marc:subfield>
      <marc:subfield code="a">x  a</marc:subfield>
      <marc:subfield code="b">170313||0000|||||000||||||000000</marc:subfield>
      <marc:subfield code="e">|</marc:subfield>
    </marc:datafield>
    <marc:datafield tag="841" ind1=" " ind2=" ">
      <marc:subfield code="5">Mo</marc:subfield>
      <marc:subfield code="a">x  a</marc:subfield>
      <marc:subfield code="b">170501||0000|||||000||||||000000</marc:subfield>
      <marc:subfield code="e">|</marc:subfield>
    </marc:datafield>
    <marc:datafield tag="841" ind1=" " ind2=" ">
      <marc:subfield code="5">Moln</marc:subfield>
      <marc:subfield code="a">x  a</marc:subfield>
      <marc:subfield code="b">170317||0000|||||000||||||000000</marc:subfield>
      <marc:subfield code="e">1</marc:subfield>
    </marc:datafield>
    <marc:datafield tag="841" ind1=" " ind2=" ">
      <marc:subfield code="5">Mota</marc:subfield>
      <marc:subfield code="a">x  a</marc:subfield>
      <marc:subfield code="b">170502||0000|||||000||||||000000</marc:subfield>
      <marc:subfield code="e">|</marc:subfield>
    </marc:datafield>
    <marc:datafield tag="841" ind1=" " ind2=" ">
      <marc:subfield code="5">Mull</marc:subfield>
      <marc:subfield code="a">x  a</marc:subfield>
      <marc:subfield code="b">170502||0000|||||000||||||000000</marc:subfield>
      <marc:subfield code="e">|</marc:subfield>
    </marc:datafield>
    <marc:datafield tag="841" ind1=" " ind2=" ">
      <marc:subfield code="5">Munf</marc:subfield>
      <marc:subfield code="a">x  a</marc:subfield>
      <marc:subfield code="b">170321||0000|||||000||||||000000</marc:subfield>
      <marc:subfield code="e">1</marc:subfield>
    </marc:datafield>
    <marc:datafield tag="841" ind1=" " ind2=" ">
      <marc:subfield code="5">Nass</marc:subfield>
      <marc:subfield code="a">x  a</marc:subfield>
      <marc:subfield code="b">170220||0000|||||000||||||000000</marc:subfield>
      <marc:subfield code="e">1</marc:subfield>
    </marc:datafield>
    <marc:datafield tag="841" ind1=" " ind2=" ">
      <marc:subfield code="5">No</marc:subfield>
      <marc:subfield code="a">x  a</marc:subfield>
      <marc:subfield code="b">170201||0000|||||000||||||000000</marc:subfield>
      <marc:subfield code="e">|</marc:subfield>
    </marc:datafield>
    <marc:datafield tag="841" ind1=" " ind2=" ">
      <marc:subfield code="5">Nodi</marc:subfield>
      <marc:subfield code="a">x  a</marc:subfield>
      <marc:subfield code="b">170322||0000|||||000||||||000000</marc:subfield>
      <marc:subfield code="e">1</marc:subfield>
    </marc:datafield>
    <marc:datafield tag="841" ind1=" " ind2=" ">
      <marc:subfield code="5">Nors</marc:subfield>
      <marc:subfield code="a">x  a</marc:subfield>
      <marc:subfield code="b">170315||0000|||||000||||||000000</marc:subfield>
      <marc:subfield code="e">1</marc:subfield>
    </marc:datafield>
    <marc:datafield tag="841" ind1=" " ind2=" ">
      <marc:subfield code="5">Nyks</marc:subfield>
      <marc:subfield code="a">x  a</marc:subfield>
      <marc:subfield code="b">170309||0000|||||000||||||000000</marc:subfield>
      <marc:subfield code="e">1</marc:subfield>
    </marc:datafield>
    <marc:datafield tag="841" ind1=" " ind2=" ">
      <marc:subfield code="5">Ockb</marc:subfield>
      <marc:subfield code="a">x  a</marc:subfield>
      <marc:subfield code="b">170418||0000|||||000||||||000000</marc:subfield>
      <marc:subfield code="e">1</marc:subfield>
    </marc:datafield>
    <marc:datafield tag="841" ind1=" " ind2=" ">
      <marc:subfield code="5">Odes</marc:subfield>
      <marc:subfield code="a">x  a</marc:subfield>
      <marc:subfield code="b">170503||0000|||||000||||||000000</marc:subfield>
      <marc:subfield code="e">|</marc:subfield>
    </marc:datafield>
    <marc:datafield tag="841" ind1=" " ind2=" ">
      <marc:subfield code="5">Over</marc:subfield>
      <marc:subfield code="a">x  a</marc:subfield>
      <marc:subfield code="b">170508||0000|||||000||||||000000</marc:subfield>
      <marc:subfield code="e">|</marc:subfield>
    </marc:datafield>
    <marc:datafield tag="841" ind1=" " ind2=" ">
      <marc:subfield code="5">Oxel</marc:subfield>
      <marc:subfield code="a">x  a</marc:subfield>
      <marc:subfield code="b">170315||0000|||||000||||||000000</marc:subfield>
      <marc:subfield code="e">1</marc:subfield>
    </marc:datafield>
    <marc:datafield tag="841" ind1=" " ind2=" ">
      <marc:subfield code="5">Paja</marc:subfield>
      <marc:subfield code="a">x  a</marc:subfield>
      <marc:subfield code="b">170404||0000|||||000||||||000000</marc:subfield>
      <marc:subfield code="e">1</marc:subfield>
    </marc:datafield>
    <marc:datafield tag="841" ind1=" " ind2=" ">
      <marc:subfield code="5">Pite</marc:subfield>
      <marc:subfield code="a">x  a</marc:subfield>
      <marc:subfield code="b">170125||0000|||||000||||||000000</marc:subfield>
      <marc:subfield code="e">1</marc:subfield>
    </marc:datafield>
    <marc:datafield tag="841" ind1=" " ind2=" ">
      <marc:subfield code="5">Safb</marc:subfield>
      <marc:subfield code="a">x  a</marc:subfield>
      <marc:subfield code="b">170411||0000|||||000||||||000000</marc:subfield>
      <marc:subfield code="e">1</marc:subfield>
    </marc:datafield>
    <marc:datafield tag="841" ind1=" " ind2=" ">
      <marc:subfield code="5">Savs</marc:subfield>
      <marc:subfield code="a">x  a</marc:subfield>
      <marc:subfield code="b">170921||0000|||||000||||||000000</marc:subfield>
      <marc:subfield code="e">1</marc:subfield>
    </marc:datafield>
    <marc:datafield tag="841" ind1=" " ind2=" ">
      <marc:subfield code="5">Sfb</marc:subfield>
      <marc:subfield code="a">x  a</marc:subfield>
      <marc:subfield code="b">170406||0000|||||000||||||000000</marc:subfield>
      <marc:subfield code="e">1</marc:subfield>
    </marc:datafield>
    <marc:datafield tag="841" ind1=" " ind2=" ">
      <marc:subfield code="5">Sode</marc:subfield>
      <marc:subfield code="a">x  a</marc:subfield>
      <marc:subfield code="b">170316||0000|||||000||||||000000</marc:subfield>
      <marc:subfield code="e">|</marc:subfield>
    </marc:datafield>
    <marc:datafield tag="841" ind1=" " ind2=" ">
      <marc:subfield code="5">Sors</marc:subfield>
      <marc:subfield code="a">x  a</marc:subfield>
      <marc:subfield code="b">170502||0000|||||000||||||000000</marc:subfield>
      <marc:subfield code="e">|</marc:subfield>
    </marc:datafield>
    <marc:datafield tag="841" ind1=" " ind2=" ">
      <marc:subfield code="5">Sten</marc:subfield>
      <marc:subfield code="a">x  a</marc:subfield>
      <marc:subfield code="b">170306||0000|||||000||||||000000</marc:subfield>
      <marc:subfield code="e">1</marc:subfield>
    </marc:datafield>
    <marc:datafield tag="841" ind1=" " ind2=" ">
      <marc:subfield code="5">Stou</marc:subfield>
      <marc:subfield code="a">x  a</marc:subfield>
      <marc:subfield code="b">170728||0000|||||000||||||000000</marc:subfield>
      <marc:subfield code="e">|</marc:subfield>
    </marc:datafield>
    <marc:datafield tag="841" ind1=" " ind2=" ">
      <marc:subfield code="5">Sunn</marc:subfield>
      <marc:subfield code="a">x  a</marc:subfield>
      <marc:subfield code="b">170126||0000|||||000||||||000000</marc:subfield>
      <marc:subfield code="e">1</marc:subfield>
    </marc:datafield>
    <marc:datafield tag="841" ind1=" " ind2=" ">
      <marc:subfield code="5">Tida</marc:subfield>
      <marc:subfield code="a">x  a</marc:subfield>
      <marc:subfield code="b">170502||0000|||||000||||||000000</marc:subfield>
      <marc:subfield code="e">|</marc:subfield>
    </marc:datafield>
    <marc:datafield tag="841" ind1=" " ind2=" ">
      <marc:subfield code="5">Tkb</marc:subfield>
      <marc:subfield code="a">x  a</marc:subfield>
      <marc:subfield code="b">170313||0000|||||000||||||000000</marc:subfield>
      <marc:subfield code="e">|</marc:subfield>
    </marc:datafield>
    <marc:datafield tag="841" ind1=" " ind2=" ">
      <marc:subfield code="5">Tras</marc:subfield>
      <marc:subfield code="a">x  a</marc:subfield>
      <marc:subfield code="b">170406||0000|||||000||||||000000</marc:subfield>
      <marc:subfield code="e">1</marc:subfield>
    </marc:datafield>
    <marc:datafield tag="841" ind1=" " ind2=" ">
      <marc:subfield code="5">Um</marc:subfield>
      <marc:subfield code="a">x  a</marc:subfield>
      <marc:subfield code="b">170403||0000|||||000||||||000000</marc:subfield>
      <marc:subfield code="e">|</marc:subfield>
    </marc:datafield>
    <marc:datafield tag="841" ind1=" " ind2=" ">
      <marc:subfield code="5">Vads</marc:subfield>
      <marc:subfield code="a">x  a</marc:subfield>
      <marc:subfield code="b">170427||0000|||||000||||||000000</marc:subfield>
      <marc:subfield code="e">|</marc:subfield>
    </marc:datafield>
    <marc:datafield tag="841" ind1=" " ind2=" ">
      <marc:subfield code="5">Vagg</marc:subfield>
      <marc:subfield code="a">x  a</marc:subfield>
      <marc:subfield code="b">170503||0000|||||000||||||000000</marc:subfield>
      <marc:subfield code="e">|</marc:subfield>
    </marc:datafield>
    <marc:datafield tag="841" ind1=" " ind2=" ">
      <marc:subfield code="5">Vasb</marc:subfield>
      <marc:subfield code="a">x  a</marc:subfield>
      <marc:subfield code="b">170215||0000|||||000||||||000000</marc:subfield>
      <marc:subfield code="e">1</marc:subfield>
    </marc:datafield>
    <marc:datafield tag="841" ind1=" " ind2=" ">
      <marc:subfield code="5">Vilh</marc:subfield>
      <marc:subfield code="a">x  a</marc:subfield>
      <marc:subfield code="b">170509||0000|||||000||||||000000</marc:subfield>
      <marc:subfield code="e">|</marc:subfield>
    </marc:datafield>
    <marc:datafield tag="852" ind1=" " ind2=" ">
      <marc:subfield code="5">Alvb</marc:subfield>
      <marc:subfield code="b">Alvb</marc:subfield>
    </marc:datafield>
    <marc:datafield tag="852" ind1=" " ind2=" ">
      <marc:subfield code="5">Arja</marc:subfield>
      <marc:subfield code="b">Arja</marc:subfield>
    </marc:datafield>
    <marc:datafield tag="852" ind1=" " ind2=" ">
      <marc:subfield code="5">Arje</marc:subfield>
      <marc:subfield code="b">Arje</marc:subfield>
    </marc:datafield>
    <marc:datafield tag="852" ind1=" " ind2=" ">
      <marc:subfield code="5">Arlo</marc:subfield>
      <marc:subfield code="b">Arlo</marc:subfield>
    </marc:datafield>
    <marc:datafield tag="852" ind1=" " ind2=" ">
      <marc:subfield code="5">Arvk</marc:subfield>
      <marc:subfield code="b">Arvk</marc:subfield>
    </marc:datafield>
    <marc:datafield tag="852" ind1=" " ind2=" ">
      <marc:subfield code="5">Asel</marc:subfield>
      <marc:subfield code="b">Asel</marc:subfield>
    </marc:datafield>
    <marc:datafield tag="852" ind1=" " ind2=" ">
      <marc:subfield code="5">Atvi</marc:subfield>
      <marc:subfield code="b">Atvi</marc:subfield>
    </marc:datafield>
    <marc:datafield tag="852" ind1=" " ind2=" ">
      <marc:subfield code="5">BOKR</marc:subfield>
      <marc:subfield code="b">BOKR</marc:subfield>
    </marc:datafield>
    <marc:datafield tag="852" ind1=" " ind2=" ">
      <marc:subfield code="5">Bers</marc:subfield>
      <marc:subfield code="b">Bers</marc:subfield>
    </marc:datafield>
    <marc:datafield tag="852" ind1=" " ind2=" ">
      <marc:subfield code="5">Bo</marc:subfield>
      <marc:subfield code="b">Bo</marc:subfield>
    </marc:datafield>
    <marc:datafield tag="852" ind1=" " ind2=" ">
      <marc:subfield code="5">Bode</marc:subfield>
      <marc:subfield code="b">Bode</marc:subfield>
    </marc:datafield>
    <marc:datafield tag="852" ind1=" " ind2=" ">
      <marc:subfield code="5">Boxh</marc:subfield>
      <marc:subfield code="b">Boxh</marc:subfield>
    </marc:datafield>
    <marc:datafield tag="852" ind1=" " ind2=" ">
      <marc:subfield code="5">Das</marc:subfield>
      <marc:subfield code="b">Das</marc:subfield>
    </marc:datafield>
    <marc:datafield tag="852" ind1=" " ind2=" ">
      <marc:subfield code="5">Doro</marc:subfield>
      <marc:subfield code="b">Doro</marc:subfield>
    </marc:datafield>
    <marc:datafield tag="852" ind1=" " ind2=" ">
      <marc:subfield code="5">Eda</marc:subfield>
      <marc:subfield code="b">Eda</marc:subfield>
    </marc:datafield>
    <marc:datafield tag="852" ind1=" " ind2=" ">
      <marc:subfield code="5">Edsb</marc:subfield>
      <marc:subfield code="b">Edsb</marc:subfield>
    </marc:datafield>
    <marc:datafield tag="852" ind1=" " ind2=" ">
      <marc:subfield code="5">Eksj</marc:subfield>
      <marc:subfield code="b">Eksj</marc:subfield>
    </marc:datafield>
    <marc:datafield tag="852" ind1=" " ind2=" ">
      <marc:subfield code="5">Fili</marc:subfield>
      <marc:subfield code="b">Fili</marc:subfield>
    </marc:datafield>
    <marc:datafield tag="852" ind1=" " ind2=" ">
      <marc:subfield code="5">Forh</marc:subfield>
      <marc:subfield code="b">Forh</marc:subfield>
    </marc:datafield>
    <marc:datafield tag="852" ind1=" " ind2=" ">
      <marc:subfield code="5">Gall</marc:subfield>
      <marc:subfield code="b">Gall</marc:subfield>
    </marc:datafield>
    <marc:datafield tag="852" ind1=" " ind2=" ">
      <marc:subfield code="5">Gav</marc:subfield>
      <marc:subfield code="b">Gav</marc:subfield>
    </marc:datafield>
    <marc:datafield tag="852" ind1=" " ind2=" ">
      <marc:subfield code="5">Gbg</marc:subfield>
      <marc:subfield code="b">Gbg</marc:subfield>
    </marc:datafield>
    <marc:datafield tag="852" ind1=" " ind2=" ">
      <marc:subfield code="5">Hagf</marc:subfield>
      <marc:subfield code="b">Hagf</marc:subfield>
    </marc:datafield>
    <marc:datafield tag="852" ind1=" " ind2=" ">
      <marc:subfield code="5">Hapa</marc:subfield>
      <marc:subfield code="b">Hapa</marc:subfield>
    </marc:datafield>
    <marc:datafield tag="852" ind1=" " ind2=" ">
      <marc:subfield code="5">Harj</marc:subfield>
      <marc:subfield code="b">Harj</marc:subfield>
    </marc:datafield>
    <marc:datafield tag="852" ind1=" " ind2=" ">
      <marc:subfield code="5">Hena</marc:subfield>
      <marc:subfield code="b">Hena</marc:subfield>
    </marc:datafield>
    <marc:datafield tag="852" ind1=" " ind2=" ">
      <marc:subfield code="5">Hofo</marc:subfield>
      <marc:subfield code="b">Hofo</marc:subfield>
    </marc:datafield>
    <marc:datafield tag="852" ind1=" " ind2=" ">
      <marc:subfield code="5">Hova</marc:subfield>
      <marc:subfield code="b">Hova</marc:subfield>
    </marc:datafield>
    <marc:datafield tag="852" ind1=" " ind2=" ">
      <marc:subfield code="5">Hudi</marc:subfield>
      <marc:subfield code="b">Hudi</marc:subfield>
    </marc:datafield>
    <marc:datafield tag="852" ind1=" " ind2=" ">
      <marc:subfield code="5">Jokk</marc:subfield>
      <marc:subfield code="b">Jokk</marc:subfield>
    </marc:datafield>
    <marc:datafield tag="852" ind1=" " ind2=" ">
      <marc:subfield code="5">Kali</marc:subfield>
      <marc:subfield code="b">Kali</marc:subfield>
    </marc:datafield>
    <marc:datafield tag="852" ind1=" " ind2=" ">
      <marc:subfield code="5">Kils</marc:subfield>
      <marc:subfield code="b">Kils</marc:subfield>
    </marc:datafield>
    <marc:datafield tag="852" ind1=" " ind2=" ">
      <marc:subfield code="5">Kisb</marc:subfield>
      <marc:subfield code="b">Kisb</marc:subfield>
    </marc:datafield>
    <marc:datafield tag="852" ind1=" " ind2=" ">
      <marc:subfield code="5">Kld1</marc:subfield>
      <marc:subfield code="b">Kld1</marc:subfield>
    </marc:datafield>
    <marc:datafield tag="852" ind1=" " ind2=" ">
      <marc:subfield code="5">Kris</marc:subfield>
      <marc:subfield code="b">Kris</marc:subfield>
    </marc:datafield>
    <marc:datafield tag="852" ind1=" " ind2=" ">
      <marc:subfield code="5">Ksb</marc:subfield>
      <marc:subfield code="b">Ksb</marc:subfield>
    </marc:datafield>
    <marc:datafield tag="852" ind1=" " ind2=" ">
      <marc:subfield code="5">Kssb</marc:subfield>
      <marc:subfield code="b">Kssb</marc:subfield>
    </marc:datafield>
    <marc:datafield tag="852" ind1=" " ind2=" ">
      <marc:subfield code="5">Kusb</marc:subfield>
      <marc:subfield code="b">Kusb</marc:subfield>
    </marc:datafield>
    <marc:datafield tag="852" ind1=" " ind2=" ">
      <marc:subfield code="5">Ldsb</marc:subfield>
      <marc:subfield code="b">Ldsb</marc:subfield>
    </marc:datafield>
    <marc:datafield tag="852" ind1=" " ind2=" ">
      <marc:subfield code="5">Leru</marc:subfield>
      <marc:subfield code="b">Leru</marc:subfield>
    </marc:datafield>
    <marc:datafield tag="852" ind1=" " ind2=" ">
      <marc:subfield code="5">Lin1</marc:subfield>
      <marc:subfield code="b">Lin1</marc:subfield>
    </marc:datafield>
    <marc:datafield tag="852" ind1=" " ind2=" ">
      <marc:subfield code="5">Ljus</marc:subfield>
      <marc:subfield code="b">Ljus</marc:subfield>
    </marc:datafield>
    <marc:datafield tag="852" ind1=" " ind2=" ">
      <marc:subfield code="5">Lobj</marc:subfield>
      <marc:subfield code="b">Lobj</marc:subfield>
    </marc:datafield>
    <marc:datafield tag="852" ind1=" " ind2=" ">
      <marc:subfield code="5">Lule</marc:subfield>
      <marc:subfield code="b">Lule</marc:subfield>
    </marc:datafield>
    <marc:datafield tag="852" ind1=" " ind2=" ">
      <marc:subfield code="5">Lyb</marc:subfield>
      <marc:subfield code="b">Lyb</marc:subfield>
    </marc:datafield>
    <marc:datafield tag="852" ind1=" " ind2=" ">
      <marc:subfield code="5">Lyck</marc:subfield>
      <marc:subfield code="b">Lyck</marc:subfield>
    </marc:datafield>
    <marc:datafield tag="852" ind1=" " ind2=" ">
      <marc:subfield code="5">Mala</marc:subfield>
      <marc:subfield code="b">Mala</marc:subfield>
    </marc:datafield>
    <marc:datafield tag="852" ind1=" " ind2=" ">
      <marc:subfield code="5">Mari</marc:subfield>
      <marc:subfield code="b">Mari</marc:subfield>
    </marc:datafield>
    <marc:datafield tag="852" ind1=" " ind2=" ">
      <marc:subfield code="5">Mjob</marc:subfield>
      <marc:subfield code="b">Mjob</marc:subfield>
    </marc:datafield>
    <marc:datafield tag="852" ind1=" " ind2=" ">
      <marc:subfield code="5">Mo</marc:subfield>
      <marc:subfield code="b">Mo</marc:subfield>
    </marc:datafield>
    <marc:datafield tag="852" ind1=" " ind2=" ">
      <marc:subfield code="5">Moln</marc:subfield>
      <marc:subfield code="b">Moln</marc:subfield>
    </marc:datafield>
    <marc:datafield tag="852" ind1=" " ind2=" ">
      <marc:subfield code="5">Mota</marc:subfield>
      <marc:subfield code="b">Mota</marc:subfield>
    </marc:datafield>
    <marc:datafield tag="852" ind1=" " ind2=" ">
      <marc:subfield code="5">Mull</marc:subfield>
      <marc:subfield code="b">Mull</marc:subfield>
    </marc:datafield>
    <marc:datafield tag="852" ind1=" " ind2=" ">
      <marc:subfield code="5">Munf</marc:subfield>
      <marc:subfield code="b">Munf</marc:subfield>
    </marc:datafield>
    <marc:datafield tag="852" ind1=" " ind2=" ">
      <marc:subfield code="5">Nass</marc:subfield>
      <marc:subfield code="b">Nass</marc:subfield>
    </marc:datafield>
    <marc:datafield tag="852" ind1=" " ind2=" ">
      <marc:subfield code="5">No</marc:subfield>
      <marc:subfield code="b">No</marc:subfield>
    </marc:datafield>
    <marc:datafield tag="852" ind1=" " ind2=" ">
      <marc:subfield code="5">Nodi</marc:subfield>
      <marc:subfield code="b">Nodi</marc:subfield>
    </marc:datafield>
    <marc:datafield tag="852" ind1=" " ind2=" ">
      <marc:subfield code="5">Nors</marc:subfield>
      <marc:subfield code="b">Nors</marc:subfield>
    </marc:datafield>
    <marc:datafield tag="852" ind1=" " ind2=" ">
      <marc:subfield code="5">Nyks</marc:subfield>
      <marc:subfield code="b">Nyks</marc:subfield>
      <marc:subfield code="h">Hc/LC</marc:subfield>
    </marc:datafield>
    <marc:datafield tag="852" ind1=" " ind2=" ">
      <marc:subfield code="5">Ockb</marc:subfield>
      <marc:subfield code="b">Ockb</marc:subfield>
    </marc:datafield>
    <marc:datafield tag="852" ind1=" " ind2=" ">
      <marc:subfield code="5">Odes</marc:subfield>
      <marc:subfield code="b">Odes</marc:subfield>
    </marc:datafield>
    <marc:datafield tag="852" ind1=" " ind2=" ">
      <marc:subfield code="5">Over</marc:subfield>
      <marc:subfield code="b">Over</marc:subfield>
    </marc:datafield>
    <marc:datafield tag="852" ind1=" " ind2=" ">
      <marc:subfield code="5">Oxel</marc:subfield>
      <marc:subfield code="b">Oxel</marc:subfield>
      <marc:subfield code="h">Hce/CD LJUDB&amp;#xd6;CKER</marc:subfield>
    </marc:datafield>
    <marc:datafield tag="852" ind1=" " ind2=" ">
      <marc:subfield code="5">Paja</marc:subfield>
      <marc:subfield code="b">Paja</marc:subfield>
    </marc:datafield>
    <marc:datafield tag="852" ind1=" " ind2=" ">
      <marc:subfield code="5">Pite</marc:subfield>
      <marc:subfield code="b">Pite</marc:subfield>
    </marc:datafield>
    <marc:datafield tag="852" ind1=" " ind2=" ">
      <marc:subfield code="5">Safb</marc:subfield>
      <marc:subfield code="b">Safb</marc:subfield>
    </marc:datafield>
    <marc:datafield tag="852" ind1=" " ind2=" ">
      <marc:subfield code="5">Savs</marc:subfield>
      <marc:subfield code="b">Savs</marc:subfield>
    </marc:datafield>
    <marc:datafield tag="852" ind1=" " ind2=" ">
      <marc:subfield code="5">Sfb</marc:subfield>
      <marc:subfield code="b">Sfb</marc:subfield>
    </marc:datafield>
    <marc:datafield tag="852" ind1=" " ind2=" ">
      <marc:subfield code="5">Sode</marc:subfield>
      <marc:subfield code="b">Sode</marc:subfield>
    </marc:datafield>
    <marc:datafield tag="852" ind1=" " ind2=" ">
      <marc:subfield code="5">Sors</marc:subfield>
      <marc:subfield code="b">Sors</marc:subfield>
    </marc:datafield>
    <marc:datafield tag="852" ind1=" " ind2=" ">
      <marc:subfield code="5">Sten</marc:subfield>
      <marc:subfield code="b">Sten</marc:subfield>
      <marc:subfield code="h">Hce/LC</marc:subfield>
    </marc:datafield>
    <marc:datafield tag="852" ind1=" " ind2=" ">
      <marc:subfield code="5">Stou</marc:subfield>
      <marc:subfield code="b">Stou</marc:subfield>
    </marc:datafield>
    <marc:datafield tag="852" ind1=" " ind2=" ">
      <marc:subfield code="5">Sunn</marc:subfield>
      <marc:subfield code="b">Sunn</marc:subfield>
    </marc:datafield>
    <marc:datafield tag="852" ind1=" " ind2=" ">
      <marc:subfield code="5">Tida</marc:subfield>
      <marc:subfield code="b">Tida</marc:subfield>
    </marc:datafield>
    <marc:datafield tag="852" ind1=" " ind2=" ">
      <marc:subfield code="5">Tkb</marc:subfield>
      <marc:subfield code="b">Tkb</marc:subfield>
    </marc:datafield>
    <marc:datafield tag="852" ind1=" " ind2=" ">
      <marc:subfield code="5">Tras</marc:subfield>
      <marc:subfield code="b">Tras</marc:subfield>
    </marc:datafield>
    <marc:datafield tag="852" ind1=" " ind2=" ">
      <marc:subfield code="5">Um</marc:subfield>
      <marc:subfield code="b">Um</marc:subfield>
    </marc:datafield>
    <marc:datafield tag="852" ind1=" " ind2=" ">
      <marc:subfield code="5">Um</marc:subfield>
      <marc:subfield code="b">Um</marc:subfield>
      <marc:subfield code="h">Hce/LC</marc:subfield>
    </marc:datafield>
    <marc:datafield tag="852" ind1=" " ind2=" ">
      <marc:subfield code="5">Vads</marc:subfield>
      <marc:subfield code="b">Vads</marc:subfield>
    </marc:datafield>
    <marc:datafield tag="852" ind1=" " ind2=" ">
      <marc:subfield code="5">Vagg</marc:subfield>
      <marc:subfield code="b">Vagg</marc:subfield>
    </marc:datafield>
    <marc:datafield tag="852" ind1=" " ind2=" ">
      <marc:subfield code="5">Vasb</marc:subfield>
      <marc:subfield code="b">Vasb</marc:subfield>
      <marc:subfield code="h">Hce/LC</marc:subfield>
    </marc:datafield>
    <marc:datafield tag="852" ind1=" " ind2=" ">
      <marc:subfield code="5">Vasb</marc:subfield>
      <marc:subfield code="b">Vasb</marc:subfield>
    </marc:datafield>
    <marc:datafield tag="852" ind1=" " ind2=" ">
      <marc:subfield code="5">Vilh</marc:subfield>
      <marc:subfield code="b">Vilh</marc:subfield>
    </marc:datafield>
    <marc:datafield tag="887" ind1=" " ind2=" ">
      <marc:subfield code="a">{"@id":"cwp22tqp0wrwfl9","modified":"2017-05-19T15:46:17+02:00","checksum":"163631203967"}</marc:subfield>
      <marc:subfield code="2">librisxl</marc:subfield>
    </marc:datafield>
    <marc:datafield tag="887" ind1=" " ind2=" ">
      <marc:subfield code="5">Alvb</marc:subfield>
      <marc:subfield code="a">{"@id":"ns1749mt099s0n4","modified":"2017-04-04T16:12:24+02:00","checksum":"56355260292"}</marc:subfield>
      <marc:subfield code="2">librisxl</marc:subfield>
    </marc:datafield>
    <marc:datafield tag="887" ind1=" " ind2=" ">
      <marc:subfield code="5">Arja</marc:subfield>
      <marc:subfield code="a">{"@id":"mr060k1s03gxxgs","modified":"2017-03-28T10:01:42+02:00","checksum":"58029705843"}</marc:subfield>
      <marc:subfield code="2">librisxl</marc:subfield>
    </marc:datafield>
    <marc:datafield tag="887" ind1=" " ind2=" ">
      <marc:subfield code="5">Arje</marc:subfield>
      <marc:subfield code="a">{"@id":"hmv320pn2898pps","modified":"2017-04-28T08:04:16+02:00","checksum":"48351273540"}</marc:subfield>
      <marc:subfield code="2">librisxl</marc:subfield>
    </marc:datafield>
    <marc:datafield tag="887" ind1=" " ind2=" ">
      <marc:subfield code="5">Arlo</marc:subfield>
      <marc:subfield code="a">{"@id":"glt2147m4nz13wt","modified":"2017-04-29T12:01:15+02:00","checksum":"55464593433"}</marc:subfield>
      <marc:subfield code="2">librisxl</marc:subfield>
    </marc:datafield>
    <marc:datafield tag="887" ind1=" " ind2=" ">
      <marc:subfield code="5">Arvk</marc:subfield>
      <marc:subfield code="a">{"@id":"qv38t28w1w5cjf2","modified":"2017-03-09T16:15:20+01:00","checksum":"55357298385"}</marc:subfield>
      <marc:subfield code="2">librisxl</marc:subfield>
    </marc:datafield>
    <marc:datafield tag="887" ind1=" " ind2=" ">
      <marc:subfield code="5">Asel</marc:subfield>
      <marc:subfield code="a">{"@id":"6bkq5sxc05mrmqt","modified":"2017-03-01T16:27:19+01:00","checksum":"56410939180"}</marc:subfield>
      <marc:subfield code="2">librisxl</marc:subfield>
    </marc:datafield>
    <marc:datafield tag="887" ind1=" " ind2=" ">
      <marc:subfield code="5">Atvi</marc:subfield>
      <marc:subfield code="a">{"@id":"pt283npv4z2qw2n","modified":"2017-03-28T18:04:07+02:00","checksum":"65520342371"}</marc:subfield>
      <marc:subfield code="2">librisxl</marc:subfield>
    </marc:datafield>
    <marc:datafield tag="887" ind1=" " ind2=" ">
      <marc:subfield code="5">BOKR</marc:subfield>
      <marc:subfield code="a">{"@id":"qv37pmgw07dgz68","modified":"2018-09-06T09:07:53.412+02:00","checksum":"54707014331"}</marc:subfield>
      <marc:subfield code="2">librisxl</marc:subfield>
    </marc:datafield>
    <marc:datafield tag="887" ind1=" " ind2=" ">
      <marc:subfield code="5">Bers</marc:subfield>
      <marc:subfield code="a">{"@id":"26fmkzl73139gvh","modified":"2017-04-05T12:06:43+02:00","checksum":"51826454249"}</marc:subfield>
      <marc:subfield code="2">librisxl</marc:subfield>
    </marc:datafield>
    <marc:datafield tag="887" ind1=" " ind2=" ">
      <marc:subfield code="5">Bo</marc:subfield>
      <marc:subfield code="a">{"@id":"w18fl5q23n3562w","modified":"2017-02-17T16:31:04+01:00","checksum":"50391691348"}</marc:subfield>
      <marc:subfield code="2">librisxl</marc:subfield>
    </marc:datafield>
    <marc:datafield tag="887" ind1=" " ind2=" ">
      <marc:subfield code="5">Bode</marc:subfield>
      <marc:subfield code="a">{"@id":"ns17f7ct0b82zcj","modified":"2017-04-10T10:11:06+02:00","checksum":"56243878997"}</marc:subfield>
      <marc:subfield code="2">librisxl</marc:subfield>
    </marc:datafield>
    <marc:datafield tag="887" ind1=" " ind2=" ">
      <marc:subfield code="5">Boxh</marc:subfield>
      <marc:subfield code="a">{"@id":"w18hmvp25d5sj5p","modified":"2017-05-22T18:04:00+02:00","checksum":"56992030114"}</marc:subfield>
      <marc:subfield code="2">librisxl</marc:subfield>
    </marc:datafield>
    <marc:datafield tag="887" ind1=" " ind2=" ">
      <marc:subfield code="5">Das</marc:subfield>
      <marc:subfield code="a">{"@id":"bgpxx55h3n5fzvq","modified":"2017-05-05T12:01:49+02:00","checksum":"63738721109"}</marc:subfield>
      <marc:subfield code="2">librisxl</marc:subfield>
    </marc:datafield>
    <marc:datafield tag="887" ind1=" " ind2=" ">
      <marc:subfield code="5">Doro</marc:subfield>
      <marc:subfield code="a">{"@id":"sx5dgzrz0r7qfrp","modified":"2017-05-11T16:01:38+02:00","checksum":"63697867176"}</marc:subfield>
      <marc:subfield code="2">librisxl</marc:subfield>
    </marc:datafield>
    <marc:datafield tag="887" ind1=" " ind2=" ">
      <marc:subfield code="5">Eda</marc:subfield>
      <marc:subfield code="a">{"@id":"tz6fgrh014qcnz6","modified":"2017-05-10T14:13:58+02:00","checksum":"58233539312"}</marc:subfield>
      <marc:subfield code="2">librisxl</marc:subfield>
    </marc:datafield>
    <marc:datafield tag="887" ind1=" " ind2=" ">
      <marc:subfield code="5">Edsb</marc:subfield>
      <marc:subfield code="a">{"@id":"fks0xbhl0bf3f38","modified":"2017-04-05T12:19:18+02:00","checksum":"53792168594"}</marc:subfield>
      <marc:subfield code="2">librisxl</marc:subfield>
    </marc:datafield>
    <marc:datafield tag="887" ind1=" " ind2=" ">
      <marc:subfield code="5">Eksj</marc:subfield>
      <marc:subfield code="a">{"@id":"fks11ztl07jmms6","modified":"2017-05-03T14:02:27+02:00","checksum":"55654303817"}</marc:subfield>
      <marc:subfield code="2">librisxl</marc:subfield>
    </marc:datafield>
    <marc:datafield tag="887" ind1=" " ind2=" ">
      <marc:subfield code="5">Fili</marc:subfield>
      <marc:subfield code="a">{"@id":"ns16rw3t273gh0d","modified":"2017-03-09T12:09:18+01:00","checksum":"52198392531"}</marc:subfield>
      <marc:subfield code="2">librisxl</marc:subfield>
    </marc:datafield>
    <marc:datafield tag="887" ind1=" " ind2=" ">
      <marc:subfield code="5">Forh</marc:subfield>
      <marc:subfield code="a">{"@id":"48hnvvv926q3nqh","modified":"2017-02-20T14:18:04+01:00","checksum":"50200647358"}</marc:subfield>
      <marc:subfield code="2">librisxl</marc:subfield>
    </marc:datafield>
    <marc:datafield tag="887" ind1=" " ind2=" ">
      <marc:subfield code="5">Gall</marc:subfield>
      <marc:subfield code="a">{"@id":"15dmlvj62lbrlhx","modified":"2017-05-02T10:01:21+02:00","checksum":"61495739543"}</marc:subfield>
      <marc:subfield code="2">librisxl</marc:subfield>
    </marc:datafield>
    <marc:datafield tag="887" ind1=" " ind2=" ">
      <marc:subfield code="5">Gav</marc:subfield>
      <marc:subfield code="a">{"@id":"glt1r48m3vwnpjd","modified":"2017-03-21T14:16:45+01:00","checksum":"60666446146"}</marc:subfield>
      <marc:subfield code="2">librisxl</marc:subfield>
    </marc:datafield>
    <marc:datafield tag="887" ind1=" " ind2=" ">
      <marc:subfield code="5">Gbg</marc:subfield>
      <marc:subfield code="a">{"@id":"bgpwhl8h509r8n6","modified":"2017-03-10T14:12:08+01:00","checksum":"60345509143"}</marc:subfield>
      <marc:subfield code="2">librisxl</marc:subfield>
    </marc:datafield>
    <marc:datafield tag="887" ind1=" " ind2=" ">
      <marc:subfield code="5">Hagf</marc:subfield>
      <marc:subfield code="a">{"@id":"hmv2ntzn59t5zls","modified":"2017-03-10T16:20:59+01:00","checksum":"55985969745"}</marc:subfield>
      <marc:subfield code="2">librisxl</marc:subfield>
    </marc:datafield>
    <marc:datafield tag="887" ind1=" " ind2=" ">
      <marc:subfield code="5">Hapa</marc:subfield>
      <marc:subfield code="a">{"@id":"v07fn0h10z6xz6x","modified":"2017-04-10T18:30:57+02:00","checksum":"54752684487"}</marc:subfield>
      <marc:subfield code="2">librisxl</marc:subfield>
    </marc:datafield>
    <marc:datafield tag="887" ind1=" " ind2=" ">
      <marc:subfield code="5">Harj</marc:subfield>
      <marc:subfield code="a">{"@id":"bgpwncfh32rlzb9","modified":"2017-03-24T14:03:16+01:00","checksum":"58750377820"}</marc:subfield>
      <marc:subfield code="2">librisxl</marc:subfield>
    </marc:datafield>
    <marc:datafield tag="887" ind1=" " ind2=" ">
      <marc:subfield code="5">Hena</marc:subfield>
      <marc:subfield code="a">{"@id":"w18hgx8237qtx87","modified":"2017-05-02T16:07:26+02:00","checksum":"64413028478"}</marc:subfield>
      <marc:subfield code="2">librisxl</marc:subfield>
    </marc:datafield>
    <marc:datafield tag="887" ind1=" " ind2=" ">
      <marc:subfield code="5">Hofo</marc:subfield>
      <marc:subfield code="a">{"@id":"v07dz3h1014z2q7","modified":"2017-03-09T12:15:57+01:00","checksum":"51924307315"}</marc:subfield>
      <marc:subfield code="2">librisxl</marc:subfield>
    </marc:datafield>
    <marc:datafield tag="887" ind1=" " ind2=" ">
      <marc:subfield code="5">Hova</marc:subfield>
      <marc:subfield code="a">{"@id":"sx5ddlhz18b48s1","modified":"2017-05-05T08:05:12+02:00","checksum":"57499002277"}</marc:subfield>
      <marc:subfield code="2">librisxl</marc:subfield>
    </marc:datafield>
    <marc:datafield tag="887" ind1=" " ind2=" ">
      <marc:subfield code="5">Hudi</marc:subfield>
      <marc:subfield code="a">{"@id":"fks04g4l3fbvr1g","modified":"2017-04-07T14:22:12+02:00","checksum":"51790032745"}</marc:subfield>
      <marc:subfield code="2">librisxl</marc:subfield>
    </marc:datafield>
    <marc:datafield tag="887" ind1=" " ind2=" ">
      <marc:subfield code="5">Jokk</marc:subfield>
      <marc:subfield code="a">{"@id":"pt29897v4b06bdp","modified":"2017-04-28T14:20:24+02:00","checksum":"53104437386"}</marc:subfield>
      <marc:subfield code="2">librisxl</marc:subfield>
    </marc:datafield>
    <marc:datafield tag="887" ind1=" " ind2=" ">
      <marc:subfield code="5">Kali</marc:subfield>
      <marc:subfield code="a">{"@id":"6bkrl9qc1vjs98s","modified":"2017-05-17T10:21:19+02:00","checksum":"47444725552"}</marc:subfield>
      <marc:subfield code="2">librisxl</marc:subfield>
    </marc:datafield>
    <marc:datafield tag="887" ind1=" " ind2=" ">
      <marc:subfield code="5">Kils</marc:subfield>
      <marc:subfield code="a">{"@id":"6bkrfwxc2rwc0ts","modified":"2017-03-15T16:30:04+01:00","checksum":"50745042744"}</marc:subfield>
      <marc:subfield code="2">librisxl</marc:subfield>
    </marc:datafield>
    <marc:datafield tag="887" ind1=" " ind2=" ">
      <marc:subfield code="5">Kisb</marc:subfield>
      <marc:subfield code="a">{"@id":"37gnrb082s46rwl","modified":"2017-04-06T18:46:18+02:00","checksum":"57603337250"}</marc:subfield>
      <marc:subfield code="2">librisxl</marc:subfield>
    </marc:datafield>
    <marc:datafield tag="887" ind1=" " ind2=" ">
      <marc:subfield code="5">Kld1</marc:subfield>
      <marc:subfield code="a">{"@id":"hmv1hcqn4zb38p9","modified":"2017-03-03T18:28:42+01:00","checksum":"51481543728"}</marc:subfield>
      <marc:subfield code="2">librisxl</marc:subfield>
    </marc:datafield>
    <marc:datafield tag="887" ind1=" " ind2=" ">
      <marc:subfield code="5">Kris</marc:subfield>
      <marc:subfield code="a">{"@id":"lqz4drlr370tsns","modified":"2017-02-21T16:26:16+01:00","checksum":"53864254135"}</marc:subfield>
      <marc:subfield code="2">librisxl</marc:subfield>
    </marc:datafield>
    <marc:datafield tag="887" ind1=" " ind2=" ">
      <marc:subfield code="5">Ksb</marc:subfield>
      <marc:subfield code="a">{"@id":"9fnwv4dg5gj8qgb","modified":"2017-05-02T12:03:09+02:00","checksum":"66250387281"}</marc:subfield>
      <marc:subfield code="2">librisxl</marc:subfield>
    </marc:datafield>
    <marc:datafield tag="887" ind1=" " ind2=" ">
      <marc:subfield code="5">Kssb</marc:subfield>
      <marc:subfield code="a">{"@id":"lqz59lvr2r85vlw","modified":"2017-04-07T14:04:41+02:00","checksum":"62882164849"}</marc:subfield>
      <marc:subfield code="2">librisxl</marc:subfield>
    </marc:datafield>
    <marc:datafield tag="887" ind1=" " ind2=" ">
      <marc:subfield code="5">Kusb</marc:subfield>
      <marc:subfield code="a">{"@id":"6bkq3src52hpc0l","modified":"2017-02-24T16:34:56+01:00","checksum":"58206698045"}</marc:subfield>
      <marc:subfield code="2">librisxl</marc:subfield>
    </marc:datafield>
    <marc:datafield tag="887" ind1=" " ind2=" ">
      <marc:subfield code="5">Ldsb</marc:subfield>
      <marc:subfield code="a">{"@id":"w18gl2c200xrz7t","modified":"2017-04-07T10:01:54+02:00","checksum":"61010243346"}</marc:subfield>
      <marc:subfield code="2">librisxl</marc:subfield>
    </marc:datafield>
    <marc:datafield tag="887" ind1=" " ind2=" ">
      <marc:subfield code="5">Leru</marc:subfield>
      <marc:subfield code="a">{"@id":"59jpwvzb1xdzd6x","modified":"2017-02-20T12:24:07+01:00","checksum":"48668405893"}</marc:subfield>
      <marc:subfield code="2">librisxl</marc:subfield>
    </marc:datafield>
    <marc:datafield tag="887" ind1=" " ind2=" ">
      <marc:subfield code="5">Lin1</marc:subfield>
      <marc:subfield code="a">{"@id":"pt26q1pv50cppf4","modified":"2017-01-30T12:06:57+01:00","checksum":"53774727281"}</marc:subfield>
      <marc:subfield code="2">librisxl</marc:subfield>
    </marc:datafield>
    <marc:datafield tag="887" ind1=" " ind2=" ">
      <marc:subfield code="5">Ljus</marc:subfield>
      <marc:subfield code="a">{"@id":"sx5c9kqz1gfdsr8","modified":"2017-04-05T10:35:03+02:00","checksum":"57921632128"}</marc:subfield>
      <marc:subfield code="2">librisxl</marc:subfield>
    </marc:datafield>
    <marc:datafield tag="887" ind1=" " ind2=" ">
      <marc:subfield code="5">Lobj</marc:subfield>
      <marc:subfield code="a">{"@id":"sx5dcp7z39wckvn","modified":"2017-05-02T14:05:26+02:00","checksum":"62485244752"}</marc:subfield>
      <marc:subfield code="2">librisxl</marc:subfield>
    </marc:datafield>
    <marc:datafield tag="887" ind1=" " ind2=" ">
      <marc:subfield code="5">Lule</marc:subfield>
      <marc:subfield code="a">{"@id":"jnw1l4gp4jcn6dz","modified":"2017-01-31T16:15:15+01:00","checksum":"51426848197"}</marc:subfield>
      <marc:subfield code="2">librisxl</marc:subfield>
    </marc:datafield>
    <marc:datafield tag="887" ind1=" " ind2=" ">
      <marc:subfield code="5">Lyb</marc:subfield>
      <marc:subfield code="a">{"@id":"6bksqllc3dl6ktq","modified":"2017-04-24T16:43:07+02:00","checksum":"60863540457"}</marc:subfield>
      <marc:subfield code="2">librisxl</marc:subfield>
    </marc:datafield>
    <marc:datafield tag="887" ind1=" " ind2=" ">
      <marc:subfield code="5">Lyck</marc:subfield>
      <marc:subfield code="a">{"@id":"w18hjrh23c36jgb","modified":"2017-05-09T18:06:28+02:00","checksum":"58419012283"}</marc:subfield>
      <marc:subfield code="2">librisxl</marc:subfield>
    </marc:datafield>
    <marc:datafield tag="887" ind1=" " ind2=" ">
      <marc:subfield code="5">Mala</marc:subfield>
      <marc:subfield code="a">{"@id":"04clm0w53blv9qh","modified":"2017-05-10T16:22:06+02:00","checksum":"51559424854"}</marc:subfield>
      <marc:subfield code="2">librisxl</marc:subfield>
    </marc:datafield>
    <marc:datafield tag="887" ind1=" " ind2=" ">
      <marc:subfield code="5">Mari</marc:subfield>
      <marc:subfield code="a">{"@id":"37gpqbb8284dhk0","modified":"2017-05-09T12:08:57+02:00","checksum":"60430474934"}</marc:subfield>
      <marc:subfield code="2">librisxl</marc:subfield>
    </marc:datafield>
    <marc:datafield tag="887" ind1=" " ind2=" ">
      <marc:subfield code="5">Mjob</marc:subfield>
      <marc:subfield code="a">{"@id":"hmv2nzgn0fjzvq4","modified":"2017-03-13T14:07:15+01:00","checksum":"61922171882"}</marc:subfield>
      <marc:subfield code="2">librisxl</marc:subfield>
    </marc:datafield>
    <marc:datafield tag="887" ind1=" " ind2=" ">
      <marc:subfield code="5">Mo</marc:subfield>
      <marc:subfield code="a">{"@id":"59jrqz8b5qs1090","modified":"2017-05-01T18:05:32+02:00","checksum":"61875456761"}</marc:subfield>
      <marc:subfield code="2">librisxl</marc:subfield>
    </marc:datafield>
    <marc:datafield tag="887" ind1=" " ind2=" ">
      <marc:subfield code="5">Moln</marc:subfield>
      <marc:subfield code="a">{"@id":"lqz5vlzr4465vz0","modified":"2017-03-17T14:38:46+01:00","checksum":"54937302588"}</marc:subfield>
      <marc:subfield code="2">librisxl</marc:subfield>
    </marc:datafield>
    <marc:datafield tag="887" ind1=" " ind2=" ">
      <marc:subfield code="5">Mota</marc:subfield>
      <marc:subfield code="a">{"@id":"59jrq65b3q5p8lm","modified":"2017-05-02T18:11:22+02:00","checksum":"60443711210"}</marc:subfield>
      <marc:subfield code="2">librisxl</marc:subfield>
    </marc:datafield>
    <marc:datafield tag="887" ind1=" " ind2=" ">
      <marc:subfield code="5">Mull</marc:subfield>
      <marc:subfield code="a">{"@id":"mr076g5s561m3fz","modified":"2017-05-02T10:05:45+02:00","checksum":"58848379126"}</marc:subfield>
      <marc:subfield code="2">librisxl</marc:subfield>
    </marc:datafield>
    <marc:datafield tag="887" ind1=" " ind2=" ">
      <marc:subfield code="5">Munf</marc:subfield>
      <marc:subfield code="a">{"@id":"w18g6ml230r1zq8","modified":"2017-03-21T16:44:03+01:00","checksum":"55377549965"}</marc:subfield>
      <marc:subfield code="2">librisxl</marc:subfield>
    </marc:datafield>
    <marc:datafield tag="887" ind1=" " ind2=" ">
      <marc:subfield code="5">Nass</marc:subfield>
      <marc:subfield code="a">{"@id":"15dkrrt63ssh352","modified":"2017-02-20T14:21:20+01:00","checksum":"59105563065"}</marc:subfield>
      <marc:subfield code="2">librisxl</marc:subfield>
    </marc:datafield>
    <marc:datafield tag="887" ind1=" " ind2=" ">
      <marc:subfield code="5">No</marc:subfield>
      <marc:subfield code="a">{"@id":"fksxh9hl5b9kgn1","modified":"2017-02-01T14:06:07+01:00","checksum":"50043471185"}</marc:subfield>
      <marc:subfield code="2">librisxl</marc:subfield>
    </marc:datafield>
    <marc:datafield tag="887" ind1=" " ind2=" ">
      <marc:subfield code="5">Nodi</marc:subfield>
      <marc:subfield code="a">{"@id":"8dmtk9cf4ggb00f","modified":"2017-03-22T14:25:43+01:00","checksum":"49616071890"}</marc:subfield>
      <marc:subfield code="2">librisxl</marc:subfield>
    </marc:datafield>
    <marc:datafield tag="887" ind1=" " ind2=" ">
      <marc:subfield code="5">Nors</marc:subfield>
      <marc:subfield code="a">{"@id":"chqxlrjj03c8lhf","modified":"2017-03-15T14:37:42+01:00","checksum":"61552326197"}</marc:subfield>
      <marc:subfield code="2">librisxl</marc:subfield>
    </marc:datafield>
    <marc:datafield tag="887" ind1=" " ind2=" ">
      <marc:subfield code="5">Nyks</marc:subfield>
      <marc:subfield code="a">{"@id":"w18f04m2433szkm","modified":"2017-05-04T13:43:28+02:00","checksum":"54520028351"}</marc:subfield>
      <marc:subfield code="2">librisxl</marc:subfield>
    </marc:datafield>
    <marc:datafield tag="887" ind1=" " ind2=" ">
      <marc:subfield code="5">Ockb</marc:subfield>
      <marc:subfield code="a">{"@id":"rw4c4xjx1w5nbh5","modified":"2017-04-18T12:23:45+02:00","checksum":"55745308206"}</marc:subfield>
      <marc:subfield code="2">librisxl</marc:subfield>
    </marc:datafield>
    <marc:datafield tag="887" ind1=" " ind2=" ">
      <marc:subfield code="5">Odes</marc:subfield>
      <marc:subfield code="a">{"@id":"mr07749s4dqkl9x","modified":"2017-05-03T12:13:26+02:00","checksum":"63895954290"}</marc:subfield>
      <marc:subfield code="2">librisxl</marc:subfield>
    </marc:datafield>
    <marc:datafield tag="887" ind1=" " ind2=" ">
      <marc:subfield code="5">Over</marc:subfield>
      <marc:subfield code="a">{"@id":"v07gh1h14qmz799","modified":"2017-05-08T18:21:15+02:00","checksum":"63572914069"}</marc:subfield>
      <marc:subfield code="2">librisxl</marc:subfield>
    </marc:datafield>
    <marc:datafield tag="887" ind1=" " ind2=" ">
      <marc:subfield code="5">Oxel</marc:subfield>
      <marc:subfield code="a">{"@id":"15dl88w63dlhpt3","modified":"2017-05-19T13:59:58+02:00","checksum":"58034088909"}</marc:subfield>
      <marc:subfield code="2">librisxl</marc:subfield>
    </marc:datafield>
    <marc:datafield tag="887" ind1=" " ind2=" ">
      <marc:subfield code="5">Paja</marc:subfield>
      <marc:subfield code="a">{"@id":"8dmtq9kf11d7kqz","modified":"2017-04-04T18:37:46+02:00","checksum":"57613643185"}</marc:subfield>
      <marc:subfield code="2">librisxl</marc:subfield>
    </marc:datafield>
    <marc:datafield tag="887" ind1=" " ind2=" ">
      <marc:subfield code="5">Pite</marc:subfield>
      <marc:subfield code="a">{"@id":"59jn47rb5cmm22d","modified":"2017-01-25T16:23:25+01:00","checksum":"59501366374"}</marc:subfield>
      <marc:subfield code="2">librisxl</marc:subfield>
    </marc:datafield>
    <marc:datafield tag="887" ind1=" " ind2=" ">
      <marc:subfield code="5">Safb</marc:subfield>
      <marc:subfield code="a">{"@id":"w18gshl22k2l8fp","modified":"2017-04-11T14:43:26+02:00","checksum":"51220733783"}</marc:subfield>
      <marc:subfield code="2">librisxl</marc:subfield>
    </marc:datafield>
    <marc:datafield tag="887" ind1=" " ind2=" ">
      <marc:subfield code="5">Savs</marc:subfield>
      <marc:subfield code="a">{"@id":"48hs3p294l1d49z","modified":"2017-09-21T19:53:36+02:00","checksum":"62290661876"}</marc:subfield>
      <marc:subfield code="2">librisxl</marc:subfield>
    </marc:datafield>
    <marc:datafield tag="887" ind1=" " ind2=" ">
      <marc:subfield code="5">Sfb</marc:subfield>
      <marc:subfield code="a">{"@id":"v07fhgf152whzkh","modified":"2017-04-06T12:28:03+02:00","checksum":"63271837025"}</marc:subfield>
      <marc:subfield code="2">librisxl</marc:subfield>
    </marc:datafield>
    <marc:datafield tag="887" ind1=" " ind2=" ">
      <marc:subfield code="5">Sode</marc:subfield>
      <marc:subfield code="a">{"@id":"djrzn6nk0s2gjlt","modified":"2017-03-16T12:07:55+01:00","checksum":"61936732837"}</marc:subfield>
      <marc:subfield code="2">librisxl</marc:subfield>
    </marc:datafield>
    <marc:datafield tag="887" ind1=" " ind2=" ">
      <marc:subfield code="5">Sors</marc:subfield>
      <marc:subfield code="a">{"@id":"37gpnxn84dzg62w","modified":"2017-05-02T10:06:41+02:00","checksum":"58922172202"}</marc:subfield>
      <marc:subfield code="2">librisxl</marc:subfield>
    </marc:datafield>
    <marc:datafield tag="887" ind1=" " ind2=" ">
      <marc:subfield code="5">Sten</marc:subfield>
      <marc:subfield code="a">{"@id":"qv38qncw4tvt2sl","modified":"2018-04-02T22:47:47+02:00","checksum":"53211997424"}</marc:subfield>
      <marc:subfield code="2">librisxl</marc:subfield>
    </marc:datafield>
    <marc:datafield tag="887" ind1=" " ind2=" ">
      <marc:subfield code="5">Stou</marc:subfield>
      <marc:subfield code="a">{"@id":"jnw5vxzp5rl0tvc","modified":"2017-07-28T12:03:00+02:00","checksum":"55974857197"}</marc:subfield>
      <marc:subfield code="2">librisxl</marc:subfield>
    </marc:datafield>
    <marc:datafield tag="887" ind1=" " ind2=" ">
      <marc:subfield code="5">Sunn</marc:subfield>
      <marc:subfield code="a">{"@id":"w18dw2k259bcgfw","modified":"2017-01-26T12:19:19+01:00","checksum":"58484831209"}</marc:subfield>
      <marc:subfield code="2">librisxl</marc:subfield>
    </marc:datafield>
    <marc:datafield tag="887" ind1=" " ind2=" ">
      <marc:subfield code="5">Tida</marc:subfield>
      <marc:subfield code="a">{"@id":"26fnmx770873qxq","modified":"2017-05-02T12:06:25+02:00","checksum":"60535757002"}</marc:subfield>
      <marc:subfield code="2">librisxl</marc:subfield>
    </marc:datafield>
    <marc:datafield tag="887" ind1=" " ind2=" ">
      <marc:subfield code="5">Tkb</marc:subfield>
      <marc:subfield code="a">{"@id":"jnw3p0lp0z2pwcj","modified":"2017-03-13T14:12:19+01:00","checksum":"64168063974"}</marc:subfield>
      <marc:subfield code="2">librisxl</marc:subfield>
    </marc:datafield>
    <marc:datafield tag="887" ind1=" " ind2=" ">
      <marc:subfield code="5">Tras</marc:subfield>
      <marc:subfield code="a">{"@id":"glt139pm5hkr7bq","modified":"2017-04-06T14:42:59+02:00","checksum":"58083596169"}</marc:subfield>
      <marc:subfield code="2">librisxl</marc:subfield>
    </marc:datafield>
    <marc:datafield tag="887" ind1=" " ind2=" ">
      <marc:subfield code="5">Um</marc:subfield>
      <marc:subfield code="a">{"@id":"ns173clt3dfqmhj","modified":"2017-04-20T12:10:11+02:00","checksum":"63334571473"}</marc:subfield>
      <marc:subfield code="2">librisxl</marc:subfield>
    </marc:datafield>
    <marc:datafield tag="887" ind1=" " ind2=" ">
      <marc:subfield code="5">Vads</marc:subfield>
      <marc:subfield code="a">{"@id":"qv3b95vw5bl2r8x","modified":"2017-04-27T16:11:07+02:00","checksum":"58871117841"}</marc:subfield>
      <marc:subfield code="2">librisxl</marc:subfield>
    </marc:datafield>
    <marc:datafield tag="887" ind1=" " ind2=" ">
      <marc:subfield code="5">Vagg</marc:subfield>
      <marc:subfield code="a">{"@id":"djr00w4k0v6pkh4","modified":"2017-05-03T12:19:29+02:00","checksum":"59913868489"}</marc:subfield>
      <marc:subfield code="2">librisxl</marc:subfield>
    </marc:datafield>
    <marc:datafield tag="887" ind1=" " ind2=" ">
      <marc:subfield code="5">Vasb</marc:subfield>
      <marc:subfield code="a">{"@id":"w18fhw923wt1xtd","modified":"2017-05-16T18:24:16+02:00","checksum":"54738169094"}</marc:subfield>
      <marc:subfield code="2">librisxl</marc:subfield>
    </marc:datafield>
    <marc:datafield tag="887" ind1=" " ind2=" ">
      <marc:subfield code="5">Vilh</marc:subfield>
      <marc:subfield code="a">{"@id":"04clm6n51c272lt","modified":"2017-05-09T10:08:11+02:00","checksum":"58607689181"}</marc:subfield>
      <marc:subfield code="2">librisxl</marc:subfield>
    </marc:datafield>
    <marc:datafield tag="900" ind1="1" ind2="s">
      <marc:subfield code="6">100</marc:subfield>
      <marc:subfield code="a">Olsen, Jussi Adler</marc:subfield>
      <marc:subfield code="u">Adler-Olsen, Jussi</marc:subfield>
    </marc:datafield>
    <marc:datafield tag="951" ind1=" " ind2="s">
      <marc:subfield code="6">651</marc:subfield>
      <marc:subfield code="w">||e</marc:subfield>
      <marc:subfield code="a">Kp̲enhamn</marc:subfield>
      <marc:subfield code="u">Danmark</marc:subfield>
      <marc:subfield code="z">Kp̲enhamn</marc:subfield>
    </marc:datafield>
    <marc:datafield tag="951" ind1=" " ind2="s">
      <marc:subfield code="6">651</marc:subfield>
      <marc:subfield code="a">Kb̜enhavn</marc:subfield>
      <marc:subfield code="u">Danmark</marc:subfield>
      <marc:subfield code="z">Kp̲enhamn</marc:subfield>
    </marc:datafield>
    <marc:datafield tag="955" ind1=" " ind2="k">
      <marc:subfield code="6">655</marc:subfield>
      <marc:subfield code="w">g</marc:subfield>
      <marc:subfield code="a">Skn̲litteratur</marc:subfield>
      <marc:subfield code="u">Romaner</marc:subfield>
    </marc:datafield>
    <marc:datafield tag="955" ind1=" " ind2="k">
      <marc:subfield code="6">655</marc:subfield>
      <marc:subfield code="w">h</marc:subfield>
      <marc:subfield code="a">Brevromaner</marc:subfield>
      <marc:subfield code="u">Romaner</marc:subfield>
    </marc:datafield>
    <marc:datafield tag="955" ind1=" " ind2="k">
      <marc:subfield code="6">655</marc:subfield>
      <marc:subfield code="w">h</marc:subfield>
      <marc:subfield code="a">Dagboksromaner</marc:subfield>
      <marc:subfield code="u">Romaner</marc:subfield>
    </marc:datafield>
    <marc:datafield tag="955" ind1=" " ind2="k">
      <marc:subfield code="6">655</marc:subfield>
      <marc:subfield code="w">h</marc:subfield>
      <marc:subfield code="a">Kollektivromaner</marc:subfield>
      <marc:subfield code="u">Romaner</marc:subfield>
    </marc:datafield>
    <marc:datafield tag="955" ind1=" " ind2="k">
      <marc:subfield code="6">655</marc:subfield>
      <marc:subfield code="w">h</marc:subfield>
      <marc:subfield code="a">Nyckelromaner</marc:subfield>
      <marc:subfield code="u">Romaner</marc:subfield>
    </marc:datafield>
    <marc:datafield tag="955" ind1=" " ind2="k">
      <marc:subfield code="6">655</marc:subfield>
      <marc:subfield code="w">h</marc:subfield>
      <marc:subfield code="a">Pikareskromaner</marc:subfield>
      <marc:subfield code="u">Romaner</marc:subfield>
    </marc:datafield>
    <marc:datafield tag="955" ind1=" " ind2="k">
      <marc:subfield code="6">655</marc:subfield>
      <marc:subfield code="w">h</marc:subfield>
      <marc:subfield code="a">Serieromaner</marc:subfield>
      <marc:subfield code="u">Romaner</marc:subfield>
    </marc:datafield>
    <marc:datafield tag="955" ind1=" " ind2="k">
      <marc:subfield code="6">655</marc:subfield>
      <marc:subfield code="w">h</marc:subfield>
      <marc:subfield code="a">Utvecklingsromaner</marc:subfield>
      <marc:subfield code="u">Romaner</marc:subfield>
    </marc:datafield>
    <marc:datafield tag="955" ind1=" " ind2="s">
      <marc:subfield code="6">655</marc:subfield>
      <marc:subfield code="a">Detektivromaner</marc:subfield>
      <marc:subfield code="u">Deckare</marc:subfield>
    </marc:datafield>
    <marc:datafield tag="955" ind1=" " ind2="s">
      <marc:subfield code="6">655</marc:subfield>
      <marc:subfield code="w">||e</marc:subfield>
      <marc:subfield code="a">Historiska deckare</marc:subfield>
      <marc:subfield code="u">Deckare</marc:subfield>
    </marc:datafield>
    <marc:datafield tag="955" ind1=" " ind2="s">
      <marc:subfield code="6">655</marc:subfield>
      <marc:subfield code="w">||e</marc:subfield>
      <marc:subfield code="a">Hr̄dkokta deckare</marc:subfield>
      <marc:subfield code="u">Deckare</marc:subfield>
    </marc:datafield>
    <marc:datafield tag="955" ind1=" " ind2="s">
      <marc:subfield code="6">655</marc:subfield>
      <marc:subfield code="a">Kriminalromaner</marc:subfield>
      <marc:subfield code="u">Deckare</marc:subfield>
    </marc:datafield>
    <marc:datafield tag="955" ind1=" " ind2="s">
      <marc:subfield code="6">655</marc:subfield>
      <marc:subfield code="w">||e</marc:subfield>
      <marc:subfield code="a">Politiromaner</marc:subfield>
      <marc:subfield code="u">Deckare</marc:subfield>
    </marc:datafield>
    <marc:datafield tag="955" ind1=" " ind2="s">
      <marc:subfield code="6">655</marc:subfield>
      <marc:subfield code="w">||e</marc:subfield>
      <marc:subfield code="a">Psykologiska deckare</marc:subfield>
      <marc:subfield code="u">Deckare</marc:subfield>
    </marc:datafield>
    <marc:datafield tag="955" ind1=" " ind2="s">
      <marc:subfield code="6">655</marc:subfield>
      <marc:subfield code="w">||e</marc:subfield>
      <marc:subfield code="a">Pusseldeckare</marc:subfield>
      <marc:subfield code="u">Deckare</marc:subfield>
    </marc:datafield>
    <marc:datafield tag="955" ind1=" " ind2="k">
      <marc:subfield code="6">655</marc:subfield>
      <marc:subfield code="w">g</marc:subfield>
      <marc:subfield code="a">Skn̲litteratur</marc:subfield>
      <marc:subfield code="u">Deckare</marc:subfield>
    </marc:datafield>
    <marc:datafield tag="955" ind1=" " ind2="s">
      <marc:subfield code="6">655</marc:subfield>
      <marc:subfield code="a">CD-bc̲ker</marc:subfield>
      <marc:subfield code="u">Ljudbc̲ker</marc:subfield>
    </marc:datafield>
    <marc:datafield tag="955" ind1=" " ind2="s">
      <marc:subfield code="6">655</marc:subfield>
      <marc:subfield code="a">E-ljudbc̲ker</marc:subfield>
      <marc:subfield code="u">Ljudbc̲ker</marc:subfield>
    </marc:datafield>
    <marc:datafield tag="955" ind1=" " ind2="s">
      <marc:subfield code="6">655</marc:subfield>
      <marc:subfield code="a">Hr̲bc̲ker</marc:subfield>
      <marc:subfield code="u">Ljudbc̲ker</marc:subfield>
    </marc:datafield>
    <marc:datafield tag="955" ind1=" " ind2="s">
      <marc:subfield code="6">655</marc:subfield>
      <marc:subfield code="a">Kassettbc̲ker</marc:subfield>
      <marc:subfield code="u">Ljudbc̲ker</marc:subfield>
    </marc:datafield>
    <marc:datafield tag="955" ind1=" " ind2="s">
      <marc:subfield code="6">655</marc:subfield>
      <marc:subfield code="a">MP3-bc̲ker</marc:subfield>
      <marc:subfield code="u">Ljudbc̲ker</marc:subfield>
    </marc:datafield>
    <marc:datafield tag="955" ind1=" " ind2="k">
      <marc:subfield code="6">655</marc:subfield>
      <marc:subfield code="a">Talbc̲ker</marc:subfield>
      <marc:subfield code="u">Ljudbc̲ker</marc:subfield>
    </marc:datafield>
  </marc:record>