
  <marc:record>
    <marc:leader>05308cam a2201141 i 4500</marc:leader>
    <marc:controlfield tag="001">19738538</marc:controlfield>
    <marc:controlfield tag="003">LIBRIS</marc:controlfield>
    <marc:controlfield tag="005">20170630140402.0</marc:controlfield>
    <marc:controlfield tag="008">161011s2017    sw |||||||||||000 f|swe|c</marc:controlfield>
    <marc:datafield tag="020" ind1=" " ind2=" ">
      <marc:subfield code="a">9789174295948</marc:subfield>
      <marc:subfield code="q">pocket</marc:subfield>
    </marc:datafield>
    <marc:datafield tag="035" ind1=" " ind2=" ">
      <marc:subfield code="a">(BOKR)9789174295948</marc:subfield>
    </marc:datafield>
    <marc:datafield tag="040" ind1=" " ind2=" ">
      <marc:subfield code="a">BOKR</marc:subfield>
      <marc:subfield code="b">swe</marc:subfield>
      <marc:subfield code="d">L</marc:subfield>
      <marc:subfield code="d">S</marc:subfield>
      <marc:subfield code="e">rda</marc:subfield>
    </marc:datafield>
    <marc:datafield tag="041" ind1="1" ind2=" ">
      <marc:subfield code="a">swe</marc:subfield>
      <marc:subfield code="h">dan</marc:subfield>
    </marc:datafield>
    <marc:datafield tag="042" ind1=" " ind2=" ">
      <marc:subfield code="9">NB</marc:subfield>
    </marc:datafield>
    <marc:datafield tag="082" ind1="0" ind2="4">
      <marc:subfield code="a">839.8138</marc:subfield>
      <marc:subfield code="2">23/swe</marc:subfield>
    </marc:datafield>
    <marc:datafield tag="100" ind1="1" ind2=" ">
      <marc:subfield code="a">Adler-Olsen, Jussi</marc:subfield>
      <marc:subfield code="4">aut</marc:subfield>
      <marc:subfield code="0">http://viaf.org/viaf/87407021</marc:subfield>
    </marc:datafield>
    <marc:datafield tag="240" ind1="1" ind2="0">
      <marc:subfield code="a">Washington dekretet.</marc:subfield>
      <marc:subfield code="0">http://viaf.org/viaf/1140154501893339210001</marc:subfield>
    </marc:datafield>
    <marc:datafield tag="245" ind1="1" ind2="0">
      <marc:subfield code="a">Washingtondekretet</marc:subfield>
      <marc:subfield code="c">Adler-Olsen, Jussi</marc:subfield>
    </marc:datafield>
    <marc:datafield tag="260" ind1=" " ind2="1">
      <marc:subfield code="a">Stockholm</marc:subfield>
      <marc:subfield code="b">Bonnier pocket</marc:subfield>
      <marc:subfield code="c">2017</marc:subfield>
    </marc:datafield>
    <marc:datafield tag="300" ind1=" " ind2=" ">
      <marc:subfield code="a">635 sidor</marc:subfield>
      <marc:subfield code="c">18 cm</marc:subfield>
    </marc:datafield>
    <marc:datafield tag="336" ind1=" " ind2=" ">
      <marc:subfield code="a">text</marc:subfield>
      <marc:subfield code="b">txt</marc:subfield>
      <marc:subfield code="0">http://rdaregistry.info/termList/RDAContentType/1020</marc:subfield>
      <marc:subfield code="2">rdacontent</marc:subfield>
    </marc:datafield>
    <marc:datafield tag="337" ind1=" " ind2=" ">
      <marc:subfield code="a">unmediated</marc:subfield>
      <marc:subfield code="b">n</marc:subfield>
      <marc:subfield code="0">http://rdaregistry.info/termList/RDAMediaType/1007</marc:subfield>
      <marc:subfield code="2">rdamedia</marc:subfield>
    </marc:datafield>
    <marc:datafield tag="338" ind1=" " ind2=" ">
      <marc:subfield code="b">volume</marc:subfield>
      <marc:subfield code="b">nc</marc:subfield>
      <marc:subfield code="0">http://rdaregistry.info/termList/RDACarrierType/1049</marc:subfield>
      <marc:subfield code="2">rdacarrier</marc:subfield>
    </marc:datafield>
    <marc:datafield tag="340" ind1=" " ind2=" ">
      <marc:subfield code="b">18 cm</marc:subfield>
    </marc:datafield>
    <marc:datafield tag="380" ind1=" " ind2=" ">
      <marc:subfield code="a">roman</marc:subfield>
      <marc:subfield code="0">http://id.loc.gov/entities/providers/d638d193eb29ac87c0950ab36b80e0e8.html</marc:subfield>
      <marc:subfield code="2">LCSH</marc:subfield>
    </marc:datafield>
    <marc:datafield tag="490" ind1="0" ind2=" ">
      <marc:subfield code="a">Bonnier pocket,</marc:subfield>
      <marc:subfield code="x">9903075952</marc:subfield>
    </marc:datafield>
    <marc:datafield tag="500" ind1=" " ind2=" ">
      <marc:subfield code="a">Fr̲sta svenska upplaga 2016</marc:subfield>
    </marc:datafield>
    <marc:datafield tag="599" ind1=" " ind2=" ">
      <marc:subfield code="5">S</marc:subfield>
      <marc:subfield code="a">nbv201726</marc:subfield>
    </marc:datafield>
    <marc:datafield tag="650" ind1=" " ind2="4">
      <marc:subfield code="a">Politi</marc:subfield>
    </marc:datafield>
    <marc:datafield tag="650" ind1=" " ind2="4">
      <marc:subfield code="a">Drap</marc:subfield>
    </marc:datafield>
    <marc:datafield tag="650" ind1=" " ind2="4">
      <marc:subfield code="a">Kriminalitet</marc:subfield>
    </marc:datafield>
    <marc:datafield tag="650" ind1=" " ind2="4">
      <marc:subfield code="a">Korrupsjon</marc:subfield>
    </marc:datafield>
    <marc:datafield tag="650" ind1=" " ind2="4">
      <marc:subfield code="a">Kidnappinger</marc:subfield>
    </marc:datafield>
    <marc:datafield tag="650" ind1=" " ind2="4">
      <marc:subfield code="a">Psykologi</marc:subfield>
    </marc:datafield>
    <marc:datafield tag="651" ind1=" " ind2="7">
      <marc:subfield code="a">USA</marc:subfield>
      <marc:subfield code="z">Washington (D.C.)</marc:subfield>
      <marc:subfield code="2">sao</marc:subfield>
    </marc:datafield>
    <marc:datafield tag="655" ind1=" " ind2="4">
      <marc:subfield code="a">Thriller</marc:subfield>
    </marc:datafield>
    <marc:datafield tag="655" ind1=" " ind2="4">
      <marc:subfield code="a">Krim</marc:subfield>
    </marc:datafield>
    <marc:datafield tag="655" ind1=" " ind2="4">
      <marc:subfield code="a">Fiksjon</marc:subfield>
    </marc:datafield>
    <marc:datafield tag="700" ind1="1" ind2=" ">
      <marc:subfield code="a">Jacobsen, Leif</marc:subfield>
      <marc:subfield code="e">trl</marc:subfield>
      <marc:subfield code="0">http://viaf.org/viaf/168668724</marc:subfield>
    </marc:datafield>
    <marc:datafield tag="841" ind1=" " ind2=" ">
      <marc:subfield code="5">BOKR</marc:subfield>
      <marc:subfield code="a">x  a</marc:subfield>
      <marc:subfield code="b">161011||0000|||||000||||||000000</marc:subfield>
      <marc:subfield code="e">1</marc:subfield>
    </marc:datafield>
    <marc:datafield tag="841" ind1=" " ind2=" ">
      <marc:subfield code="5">Fibi</marc:subfield>
      <marc:subfield code="a">x  a</marc:subfield>
      <marc:subfield code="b">170517||0000|||||000||||||000000</marc:subfield>
      <marc:subfield code="e">|</marc:subfield>
    </marc:datafield>
    <marc:datafield tag="841" ind1=" " ind2=" ">
      <marc:subfield code="5">Habo</marc:subfield>
      <marc:subfield code="a">x  a</marc:subfield>
      <marc:subfield code="b">170511||0000|||||000||||||000000</marc:subfield>
      <marc:subfield code="e">|</marc:subfield>
    </marc:datafield>
    <marc:datafield tag="841" ind1=" " ind2=" ">
      <marc:subfield code="5">Kld1</marc:subfield>
      <marc:subfield code="a">x  a</marc:subfield>
      <marc:subfield code="b">170316||0000|||||000||||||000000</marc:subfield>
      <marc:subfield code="e">1</marc:subfield>
    </marc:datafield>
    <marc:datafield tag="841" ind1=" " ind2=" ">
      <marc:subfield code="5">L</marc:subfield>
      <marc:subfield code="a">x  a</marc:subfield>
      <marc:subfield code="b">170210||0000||||1001||||||901128</marc:subfield>
      <marc:subfield code="e">4</marc:subfield>
    </marc:datafield>
    <marc:datafield tag="841" ind1=" " ind2=" ">
      <marc:subfield code="5">LnuV</marc:subfield>
      <marc:subfield code="a">x  a</marc:subfield>
      <marc:subfield code="b">170315||0000||||1001||||||901128</marc:subfield>
      <marc:subfield code="e">4</marc:subfield>
    </marc:datafield>
    <marc:datafield tag="841" ind1=" " ind2=" ">
      <marc:subfield code="5">Mo</marc:subfield>
      <marc:subfield code="a">x  a</marc:subfield>
      <marc:subfield code="b">170216||0000|||||000||||||000000</marc:subfield>
      <marc:subfield code="e">|</marc:subfield>
    </marc:datafield>
    <marc:datafield tag="841" ind1=" " ind2=" ">
      <marc:subfield code="5">No</marc:subfield>
      <marc:subfield code="a">x  a</marc:subfield>
      <marc:subfield code="b">170317||0000||||4000||||||000000</marc:subfield>
      <marc:subfield code="e">1</marc:subfield>
    </marc:datafield>
    <marc:datafield tag="841" ind1=" " ind2=" ">
      <marc:subfield code="5">S</marc:subfield>
      <marc:subfield code="a">x  a</marc:subfield>
      <marc:subfield code="b">170628||0000|||||001||||||000000</marc:subfield>
      <marc:subfield code="e">1</marc:subfield>
    </marc:datafield>
    <marc:datafield tag="841" ind1=" " ind2=" ">
      <marc:subfield code="5">Udd</marc:subfield>
      <marc:subfield code="a">x  a</marc:subfield>
      <marc:subfield code="b">170925||0000|||||000||||||000000</marc:subfield>
      <marc:subfield code="e">|</marc:subfield>
    </marc:datafield>
    <marc:datafield tag="852" ind1=" " ind2=" ">
      <marc:subfield code="5">BOKR</marc:subfield>
      <marc:subfield code="b">BOKR</marc:subfield>
    </marc:datafield>
    <marc:datafield tag="852" ind1=" " ind2=" ">
      <marc:subfield code="5">Fibi</marc:subfield>
      <marc:subfield code="b">Fibi</marc:subfield>
    </marc:datafield>
    <marc:datafield tag="852" ind1=" " ind2=" ">
      <marc:subfield code="5">Habo</marc:subfield>
      <marc:subfield code="b">Habo</marc:subfield>
    </marc:datafield>
    <marc:datafield tag="852" ind1=" " ind2=" ">
      <marc:subfield code="5">Kld1</marc:subfield>
      <marc:subfield code="b">Kld1</marc:subfield>
    </marc:datafield>
    <marc:datafield tag="852" ind1=" " ind2=" ">
      <marc:subfield code="5">L</marc:subfield>
      <marc:subfield code="b">L</marc:subfield>
      <marc:subfield code="h">b17/</marc:subfield>
      <marc:subfield code="j">1166</marc:subfield>
      <marc:subfield code="x">apf</marc:subfield>
    </marc:datafield>
    <marc:datafield tag="852" ind1=" " ind2=" ">
      <marc:subfield code="5">LnuV</marc:subfield>
      <marc:subfield code="b">LnuV</marc:subfield>
      <marc:subfield code="h">Pocket</marc:subfield>
      <marc:subfield code="l">Adler-Olsen</marc:subfield>
    </marc:datafield>
    <marc:datafield tag="852" ind1=" " ind2=" ">
      <marc:subfield code="5">Mo</marc:subfield>
      <marc:subfield code="b">Mo</marc:subfield>
    </marc:datafield>
    <marc:datafield tag="852" ind1=" " ind2=" ">
      <marc:subfield code="5">No</marc:subfield>
      <marc:subfield code="b">No</marc:subfield>
    </marc:datafield>
    <marc:datafield tag="852" ind1=" " ind2=" ">
      <marc:subfield code="5">S</marc:subfield>
      <marc:subfield code="b">S</marc:subfield>
      <marc:subfield code="h">Sv2017</marc:subfield>
      <marc:subfield code="j">4503</marc:subfield>
      <marc:subfield code="x">nb2017mon</marc:subfield>
      <marc:subfield code="x">annwen</marc:subfield>
    </marc:datafield>
    <marc:datafield tag="852" ind1=" " ind2=" ">
      <marc:subfield code="5">Udd</marc:subfield>
      <marc:subfield code="b">Udd</marc:subfield>
    </marc:datafield>
    <marc:datafield tag="887" ind1=" " ind2=" ">
      <marc:subfield code="a">{"@id":"xg8m99z84bdfnk7","modified":"2017-06-30T14:04:02+02:00","checksum":"183465757820"}</marc:subfield>
      <marc:subfield code="2">librisxl</marc:subfield>
    </marc:datafield>
    <marc:datafield tag="887" ind1=" " ind2=" ">
      <marc:subfield code="5">BOKR</marc:subfield>
      <marc:subfield code="a">{"@id":"jnwzh8dp0dks15d","modified":"2018-09-06T09:01:53.228+02:00","checksum":"-1470678924"}</marc:subfield>
      <marc:subfield code="2">librisxl</marc:subfield>
    </marc:datafield>
    <marc:datafield tag="887" ind1=" " ind2=" ">
      <marc:subfield code="5">Fibi</marc:subfield>
      <marc:subfield code="a">{"@id":"tz6fj410539h53t","modified":"2017-05-17T10:01:57+02:00","checksum":"1361539803"}</marc:subfield>
      <marc:subfield code="2">librisxl</marc:subfield>
    </marc:datafield>
    <marc:datafield tag="887" ind1=" " ind2=" ">
      <marc:subfield code="5">Habo</marc:subfield>
      <marc:subfield code="a">{"@id":"kpx57qnq38rr3ss","modified":"2017-05-11T16:06:57+02:00","checksum":"1010871151"}</marc:subfield>
      <marc:subfield code="2">librisxl</marc:subfield>
    </marc:datafield>
    <marc:datafield tag="887" ind1=" " ind2=" ">
      <marc:subfield code="5">Kld1</marc:subfield>
      <marc:subfield code="a">{"@id":"kpx4tc0q03h4gzf","modified":"2017-03-16T12:18:37+01:00","checksum":"285202314"}</marc:subfield>
      <marc:subfield code="2">librisxl</marc:subfield>
    </marc:datafield>
    <marc:datafield tag="887" ind1=" " ind2=" ">
      <marc:subfield code="5">L</marc:subfield>
      <marc:subfield code="a">{"@id":"w18ffpr21t6rplj","modified":"2017-02-10T10:33:00+01:00","checksum":"6378268250"}</marc:subfield>
      <marc:subfield code="2">librisxl</marc:subfield>
    </marc:datafield>
    <marc:datafield tag="887" ind1=" " ind2=" ">
      <marc:subfield code="5">LnuV</marc:subfield>
      <marc:subfield code="a">{"@id":"jnw3rclp15kqw80","modified":"2017-04-13T12:40:30+02:00","checksum":"9516122931"}</marc:subfield>
      <marc:subfield code="2">librisxl</marc:subfield>
    </marc:datafield>
    <marc:datafield tag="887" ind1=" " ind2=" ">
      <marc:subfield code="5">Mo</marc:subfield>
      <marc:subfield code="a">{"@id":"7clrt8xd5m4h6l2","modified":"2017-02-16T12:09:23+01:00","checksum":"-2075314149"}</marc:subfield>
      <marc:subfield code="2">librisxl</marc:subfield>
    </marc:datafield>
    <marc:datafield tag="887" ind1=" " ind2=" ">
      <marc:subfield code="5">No</marc:subfield>
      <marc:subfield code="a">{"@id":"fks0pcml5crbfx5","modified":"2017-03-17T09:04:43+01:00","checksum":"-6774719885"}</marc:subfield>
      <marc:subfield code="2">librisxl</marc:subfield>
    </marc:datafield>
    <marc:datafield tag="887" ind1=" " ind2=" ">
      <marc:subfield code="5">S</marc:subfield>
      <marc:subfield code="a">{"@id":"pt2bxb5v1mn5mjs","modified":"2017-06-28T13:49:06+02:00","checksum":"-1325387671"}</marc:subfield>
      <marc:subfield code="2">librisxl</marc:subfield>
    </marc:datafield>
    <marc:datafield tag="887" ind1=" " ind2=" ">
      <marc:subfield code="5">Udd</marc:subfield>
      <marc:subfield code="a">{"@id":"ns1bnmct08b24w7","modified":"2017-09-25T16:24:13+02:00","checksum":"6720553536"}</marc:subfield>
      <marc:subfield code="2">librisxl</marc:subfield>
    </marc:datafield>
    <marc:datafield tag="900" ind1="1" ind2="s">
      <marc:subfield code="6">100</marc:subfield>
      <marc:subfield code="a">Olsen, Jussi Adler</marc:subfield>
      <marc:subfield code="u">Adler-Olsen, Jussi</marc:subfield>
    </marc:datafield>
    <marc:datafield tag="950" ind1=" " ind2="k">
      <marc:subfield code="6">650</marc:subfield>
      <marc:subfield code="w">g</marc:subfield>
      <marc:subfield code="a">Statschefer</marc:subfield>
      <marc:subfield code="u">Presidenter</marc:subfield>
    </marc:datafield>
    <marc:datafield tag="950" ind1=" " ind2="k">
      <marc:subfield code="6">650</marc:subfield>
      <marc:subfield code="a">Presidentfruar</marc:subfield>
      <marc:subfield code="u">Presidenter</marc:subfield>
    </marc:datafield>
    <marc:datafield tag="950" ind1=" " ind2="k">
      <marc:subfield code="6">650</marc:subfield>
      <marc:subfield code="a">Vicepresidenter</marc:subfield>
      <marc:subfield code="u">Presidenter</marc:subfield>
    </marc:datafield>
    <marc:datafield tag="950" ind1=" " ind2="k">
      <marc:subfield code="6">650</marc:subfield>
      <marc:subfield code="w">g</marc:subfield>
      <marc:subfield code="a">Fr̲valtningsrt̃t</marc:subfield>
      <marc:subfield code="u">Maktmissbruk</marc:subfield>
    </marc:datafield>
    <marc:datafield tag="950" ind1=" " ind2="k">
      <marc:subfield code="6">650</marc:subfield>
      <marc:subfield code="w">g</marc:subfield>
      <marc:subfield code="a">Makt</marc:subfield>
      <marc:subfield code="u">Maktmissbruk</marc:subfield>
    </marc:datafield>
    <marc:datafield tag="950" ind1=" " ind2="s">
      <marc:subfield code="6">650</marc:subfield>
      <marc:subfield code="a">Sociala fr̲hl̄landen</marc:subfield>
      <marc:subfield code="x">historia</marc:subfield>
      <marc:subfield code="u">Sociala fr̲hl̄landen</marc:subfield>
    </marc:datafield>
    <marc:datafield tag="950" ind1=" " ind2="k">
      <marc:subfield code="6">650</marc:subfield>
      <marc:subfield code="w">h</marc:subfield>
      <marc:subfield code="a">Utsatthet</marc:subfield>
      <marc:subfield code="u">Sociala fr̲hl̄landen</marc:subfield>
    </marc:datafield>
    <marc:datafield tag="950" ind1=" " ind2="k">
      <marc:subfield code="6">650</marc:subfield>
      <marc:subfield code="a">Levnadsfr̲hl̄landen</marc:subfield>
      <marc:subfield code="u">Sociala fr̲hl̄landen</marc:subfield>
    </marc:datafield>
    <marc:datafield tag="950" ind1=" " ind2="k">
      <marc:subfield code="6">650</marc:subfield>
      <marc:subfield code="a">Samhl̃lsfr̲ñdring</marc:subfield>
      <marc:subfield code="u">Sociala fr̲hl̄landen</marc:subfield>
    </marc:datafield>
    <marc:datafield tag="950" ind1=" " ind2="k">
      <marc:subfield code="6">650</marc:subfield>
      <marc:subfield code="a">Socialhistoria</marc:subfield>
      <marc:subfield code="u">Sociala fr̲hl̄landen</marc:subfield>
    </marc:datafield>
    <marc:datafield tag="950" ind1=" " ind2="k">
      <marc:subfield code="6">650</marc:subfield>
      <marc:subfield code="a">Social fr̲ñdring</marc:subfield>
      <marc:subfield code="u">Sociala fr̲hl̄landen</marc:subfield>
    </marc:datafield>
    <marc:datafield tag="950" ind1=" " ind2="k">
      <marc:subfield code="6">650</marc:subfield>
      <marc:subfield code="a">Sociologi</marc:subfield>
      <marc:subfield code="u">Sociala fr̲hl̄landen</marc:subfield>
    </marc:datafield>
    <marc:datafield tag="955" ind1=" " ind2="s">
      <marc:subfield code="6">655</marc:subfield>
      <marc:subfield code="a">Agentbert̃telser</marc:subfield>
      <marc:subfield code="u">Thrillers</marc:subfield>
    </marc:datafield>
    <marc:datafield tag="955" ind1=" " ind2="s">
      <marc:subfield code="6">655</marc:subfield>
      <marc:subfield code="a">Agentromaner</marc:subfield>
      <marc:subfield code="u">Thrillers</marc:subfield>
    </marc:datafield>
    <marc:datafield tag="955" ind1=" " ind2="s">
      <marc:subfield code="6">655</marc:subfield>
      <marc:subfield code="w">||e</marc:subfield>
      <marc:subfield code="a">Psykologiska thrillers</marc:subfield>
      <marc:subfield code="u">Thrillers</marc:subfield>
    </marc:datafield>
    <marc:datafield tag="955" ind1=" " ind2="s">
      <marc:subfield code="6">655</marc:subfield>
      <marc:subfield code="a">Spionbert̃telser</marc:subfield>
      <marc:subfield code="u">Thrillers</marc:subfield>
    </marc:datafield>
    <marc:datafield tag="955" ind1=" " ind2="s">
      <marc:subfield code="6">655</marc:subfield>
      <marc:subfield code="w">||e</marc:subfield>
      <marc:subfield code="a">Spionromaner</marc:subfield>
      <marc:subfield code="u">Thrillers</marc:subfield>
    </marc:datafield>
    <marc:datafield tag="955" ind1=" " ind2="s">
      <marc:subfield code="6">655</marc:subfield>
      <marc:subfield code="a">Spñningsromaner</marc:subfield>
      <marc:subfield code="u">Thrillers</marc:subfield>
    </marc:datafield>
    <marc:datafield tag="955" ind1=" " ind2="k">
      <marc:subfield code="6">655</marc:subfield>
      <marc:subfield code="w">g</marc:subfield>
      <marc:subfield code="a">Skn̲litteratur</marc:subfield>
      <marc:subfield code="u">Thrillers</marc:subfield>
    </marc:datafield>
    <marc:datafield tag="955" ind1=" " ind2="k">
      <marc:subfield code="6">655</marc:subfield>
      <marc:subfield code="w">g</marc:subfield>
      <marc:subfield code="a">Skn̲litteratur</marc:subfield>
      <marc:subfield code="u">Romaner</marc:subfield>
    </marc:datafield>
    <marc:datafield tag="955" ind1=" " ind2="k">
      <marc:subfield code="6">655</marc:subfield>
      <marc:subfield code="w">h</marc:subfield>
      <marc:subfield code="a">Brevromaner</marc:subfield>
      <marc:subfield code="u">Romaner</marc:subfield>
    </marc:datafield>
    <marc:datafield tag="955" ind1=" " ind2="k">
      <marc:subfield code="6">655</marc:subfield>
      <marc:subfield code="w">h</marc:subfield>
      <marc:subfield code="a">Dagboksromaner</marc:subfield>
      <marc:subfield code="u">Romaner</marc:subfield>
    </marc:datafield>
    <marc:datafield tag="955" ind1=" " ind2="k">
      <marc:subfield code="6">655</marc:subfield>
      <marc:subfield code="w">h</marc:subfield>
      <marc:subfield code="a">Kollektivromaner</marc:subfield>
      <marc:subfield code="u">Romaner</marc:subfield>
    </marc:datafield>
    <marc:datafield tag="955" ind1=" " ind2="k">
      <marc:subfield code="6">655</marc:subfield>
      <marc:subfield code="w">h</marc:subfield>
      <marc:subfield code="a">Nyckelromaner</marc:subfield>
      <marc:subfield code="u">Romaner</marc:subfield>
    </marc:datafield>
    <marc:datafield tag="955" ind1=" " ind2="k">
      <marc:subfield code="6">655</marc:subfield>
      <marc:subfield code="w">h</marc:subfield>
      <marc:subfield code="a">Pikareskromaner</marc:subfield>
      <marc:subfield code="u">Romaner</marc:subfield>
    </marc:datafield>
    <marc:datafield tag="955" ind1=" " ind2="k">
      <marc:subfield code="6">655</marc:subfield>
      <marc:subfield code="w">h</marc:subfield>
      <marc:subfield code="a">Serieromaner</marc:subfield>
      <marc:subfield code="u">Romaner</marc:subfield>
    </marc:datafield>
    <marc:datafield tag="955" ind1=" " ind2="k">
      <marc:subfield code="6">655</marc:subfield>
      <marc:subfield code="w">h</marc:subfield>
      <marc:subfield code="a">Utvecklingsromaner</marc:subfield>
      <marc:subfield code="u">Romaner</marc:subfield>
    </marc:datafield>
  </marc:record>