
  <marc:record>
    <marc:leader>01328cam a22003857a 4500</marc:leader>
    <marc:controlfield tag="001">19527765</marc:controlfield>
    <marc:controlfield tag="003">LIBRIS</marc:controlfield>
    <marc:controlfield tag="005">20160921155051.0</marc:controlfield>
    <marc:controlfield tag="008">160629s2013    sp |||||      ||| 1|spa c</marc:controlfield>
    <marc:datafield tag="020" ind1=" " ind2=" ">
      <marc:subfield code="a">978-84-15140-94-8</marc:subfield>
    </marc:datafield>
    <marc:datafield tag="035" ind1=" " ind2=" ">
      <marc:subfield code="a">BTJ262401</marc:subfield>
    </marc:datafield>
    <marc:datafield tag="040" ind1=" " ind2=" ">
      <marc:subfield code="a">Vasb</marc:subfield>
    </marc:datafield>
    <marc:datafield tag="082" ind1="0" ind2="4">
      <marc:subfield code="a">860</marc:subfield>
      <marc:subfield code="2">22 (machine generated)</marc:subfield>
    </marc:datafield>
    <marc:datafield tag="084" ind1=" " ind2=" ">
      <marc:subfield code="a">Hkeda.01</marc:subfield>
      <marc:subfield code="2">kssb/8</marc:subfield>
    </marc:datafield>
    <marc:datafield tag="100" ind1="1" ind2=" ">
      <marc:subfield code="a">Adler-Olsen, Jussi</marc:subfield>
      <marc:subfield code="4">aut</marc:subfield>
      <marc:subfield code="0">http://viaf.org/viaf/87407021</marc:subfield>
    </marc:datafield>
    <marc:datafield tag="240" ind1="1" ind2="0">
      <marc:subfield code="a">Journal 64.</marc:subfield>
      <marc:subfield code="0">http://viaf.org/viaf/6053151656203708400003</marc:subfield>
    </marc:datafield>
    <marc:datafield tag="245" ind1="1" ind2="0">
      <marc:subfield code="a">Expediente 64</marc:subfield>
      <marc:subfield code="c">Adler-Olsen, Jussi</marc:subfield>
    </marc:datafield>
    <marc:datafield tag="300" ind1=" " ind2=" ">
      <marc:subfield code="a">Madrid</marc:subfield>
      <marc:subfield code="b">Embolsillo,</marc:subfield>
      <marc:subfield code="c">2013</marc:subfield>
    </marc:datafield>
    <marc:datafield tag="336" ind1=" " ind2=" ">
      <marc:subfield code="a">text</marc:subfield>
      <marc:subfield code="b">txt</marc:subfield>
      <marc:subfield code="0">http://rdaregistry.info/termList/RDAContentType/1020</marc:subfield>
      <marc:subfield code="2">rdacontent</marc:subfield>
    </marc:datafield>
    <marc:datafield tag="337" ind1=" " ind2=" ">
      <marc:subfield code="a">unmediated</marc:subfield>
      <marc:subfield code="b">n</marc:subfield>
      <marc:subfield code="0">http://rdaregistry.info/termList/RDAMediaType/1007</marc:subfield>
      <marc:subfield code="2">rdamedia</marc:subfield>
    </marc:datafield>
    <marc:datafield tag="338" ind1=" " ind2=" ">
      <marc:subfield code="a">volume</marc:subfield>
      <marc:subfield code="b">nc</marc:subfield>
      <marc:subfield code="0">http://rdaregistry.info/termList/RDACarrierType/1049</marc:subfield>
      <marc:subfield code="2">rdacarrier</marc:subfield>
    </marc:datafield>
    <marc:datafield tag="830" ind1="0" ind2=" ">
      <marc:subfield code="a">Los casos del Departamento Q</marc:subfield>
      <marc:subfield code="v">4</marc:subfield>
      <marc:subfield code="1">https://musicbrainz.org/series/9b97c04b-99ed-4e16-abff-be948e391674</marc:subfield>
    </marc:datafield>
    <marc:datafield tag="500" ind1=" " ind2=" ">
      <marc:subfield code="a">Fr̲sta spanska upplaga 2013</marc:subfield>
    </marc:datafield>
    <marc:datafield tag="600" ind1="0" ind2="4">
      <marc:subfield code="a">Mørck, Carl</marc:subfield>
      <marc:subfield code="c">Fiktiv karakter</marc:subfield>
      <marc:subfield code="e">dpc</marc:subfield>
    </marc:datafield>
    <marc:datafield tag="655" ind1=" " ind2="4">
      <marc:subfield code="a">Thriller</marc:subfield>
    </marc:datafield>
    <marc:datafield tag="655" ind1=" " ind2="4">
      <marc:subfield code="a">Krim</marc:subfield>
    </marc:datafield>
    <marc:datafield tag="655" ind1=" " ind2="4">
      <marc:subfield code="a">Fiksjon</marc:subfield>
    </marc:datafield>
    <marc:datafield tag="700" ind1="1" ind2=" ">
      <marc:subfield code="a">Mendizabal, Juan Mari</marc:subfield>
      <marc:subfield code="0">http://viaf.org/viaf/87928985</marc:subfield>
      <marc:subfield code="e">trl</marc:subfield>
    </marc:datafield>
    <marc:datafield tag="841" ind1=" " ind2=" ">
      <marc:subfield code="5">Vasb</marc:subfield>
      <marc:subfield code="a">x  a</marc:subfield>
      <marc:subfield code="b">160628||0000|||||000||||||000000</marc:subfield>
      <marc:subfield code="e">1</marc:subfield>
    </marc:datafield>
    <marc:datafield tag="852" ind1=" " ind2=" ">
      <marc:subfield code="5">Vasb</marc:subfield>
      <marc:subfield code="b">Vasb</marc:subfield>
      <marc:subfield code="h">Hk</marc:subfield>
    </marc:datafield>
    <marc:datafield tag="900" ind1="1" ind2="s">
      <marc:subfield code="6">100</marc:subfield>
      <marc:subfield code="a">Olsen, Jussi Adler</marc:subfield>
      <marc:subfield code="u">Adler-Olsen, Jussi</marc:subfield>
    </marc:datafield>
    <marc:datafield tag="955" ind1=" " ind2="s">
      <marc:subfield code="6">655</marc:subfield>
      <marc:subfield code="a">Detektivromaner</marc:subfield>
      <marc:subfield code="u">Deckare</marc:subfield>
    </marc:datafield>
    <marc:datafield tag="955" ind1=" " ind2="s">
      <marc:subfield code="6">655</marc:subfield>
      <marc:subfield code="w">||e</marc:subfield>
      <marc:subfield code="a">Historiska deckare</marc:subfield>
      <marc:subfield code="u">Deckare</marc:subfield>
    </marc:datafield>
    <marc:datafield tag="955" ind1=" " ind2="s">
      <marc:subfield code="6">655</marc:subfield>
      <marc:subfield code="w">||e</marc:subfield>
      <marc:subfield code="a">Hr̄dkokta deckare</marc:subfield>
      <marc:subfield code="u">Deckare</marc:subfield>
    </marc:datafield>
    <marc:datafield tag="955" ind1=" " ind2="s">
      <marc:subfield code="6">655</marc:subfield>
      <marc:subfield code="a">Kriminalromaner</marc:subfield>
      <marc:subfield code="u">Deckare</marc:subfield>
    </marc:datafield>
    <marc:datafield tag="955" ind1=" " ind2="s">
      <marc:subfield code="6">655</marc:subfield>
      <marc:subfield code="w">||e</marc:subfield>
      <marc:subfield code="a">Politiromaner</marc:subfield>
      <marc:subfield code="u">Deckare</marc:subfield>
    </marc:datafield>
    <marc:datafield tag="955" ind1=" " ind2="s">
      <marc:subfield code="6">655</marc:subfield>
      <marc:subfield code="w">||e</marc:subfield>
      <marc:subfield code="a">Psykologiska deckare</marc:subfield>
      <marc:subfield code="u">Deckare</marc:subfield>
    </marc:datafield>
    <marc:datafield tag="955" ind1=" " ind2="s">
      <marc:subfield code="6">655</marc:subfield>
      <marc:subfield code="w">||e</marc:subfield>
      <marc:subfield code="a">Pusseldeckare</marc:subfield>
      <marc:subfield code="u">Deckare</marc:subfield>
    </marc:datafield>
    <marc:datafield tag="955" ind1=" " ind2="k">
      <marc:subfield code="6">655</marc:subfield>
      <marc:subfield code="w">g</marc:subfield>
      <marc:subfield code="a">Skn̲litteratur</marc:subfield>
      <marc:subfield code="u">Deckare</marc:subfield>
    </marc:datafield>
  </marc:record>