
  <marc:record>
    <marc:leader>01699cam a22004937a 4500</marc:leader>
    <marc:controlfield tag="001">19527766</marc:controlfield>
    <marc:controlfield tag="003">LIBRIS</marc:controlfield>
    <marc:controlfield tag="005">20160825160437.0</marc:controlfield>
    <marc:controlfield tag="008">160629s2015    fi |||||      ||| 1|fin c</marc:controlfield>
    <marc:datafield tag="020" ind1=" " ind2=" ">
      <marc:subfield code="a">978-951-20-9177-5</marc:subfield>
    </marc:datafield>
    <marc:datafield tag="035" ind1=" " ind2=" ">
      <marc:subfield code="a">BTJ221205</marc:subfield>
    </marc:datafield>
    <marc:datafield tag="040" ind1=" " ind2=" ">
      <marc:subfield code="a">Vasb</marc:subfield>
    </marc:datafield>
    <marc:datafield tag="041" ind1="1" ind2=" ">
      <marc:subfield code="a">fin</marc:subfield>
      <marc:subfield code="h">dan</marc:subfield>
    </marc:datafield>
    <marc:datafield tag="082" ind1="0" ind2="4">
      <marc:subfield code="a">894.541</marc:subfield>
      <marc:subfield code="2">22 (machine generated)</marc:subfield>
    </marc:datafield>
    <marc:datafield tag="084" ind1=" " ind2=" ">
      <marc:subfield code="a">Hubeda.01</marc:subfield>
      <marc:subfield code="2">kssb/8</marc:subfield>
    </marc:datafield>
    <marc:datafield tag="100" ind1="1" ind2=" ">
      <marc:subfield code="a">Adler-Olsen, Jussi</marc:subfield>
      <marc:subfield code="4">aut</marc:subfield>
      <marc:subfield code="0">http://viaf.org/viaf/87407021</marc:subfield>
    </marc:datafield>
    <marc:datafield tag="240" ind1="1" ind2="0">
      <marc:subfield code="a">Kvinden i buret.</marc:subfield>
      <marc:subfield code="0">http://viaf.org/viaf/6990151656331308400003</marc:subfield>
    </marc:datafield>
    <marc:datafield tag="245" ind1="1" ind2="0">
      <marc:subfield code="a">Vanki</marc:subfield>
      <marc:subfield code="c">Adler-Olsen, Jussi</marc:subfield>
    </marc:datafield>
    <marc:datafield tag="250" ind1=" " ind2=" ">
      <marc:subfield code="a">[Ny utg.]</marc:subfield>
    </marc:datafield>
    <marc:datafield tag="260" ind1=" " ind2=" ">
      <marc:subfield code="a">Helsinki</marc:subfield>
      <marc:subfield code="b">Gummerus,</marc:subfield>
      <marc:subfield code="c">2015</marc:subfield>
    </marc:datafield>
    <marc:datafield tag="336" ind1=" " ind2=" ">
      <marc:subfield code="a">text</marc:subfield>
      <marc:subfield code="b">txt</marc:subfield>
      <marc:subfield code="0">http://rdaregistry.info/termList/RDAContentType/1020</marc:subfield>
      <marc:subfield code="2">rdacontent</marc:subfield>
    </marc:datafield>
    <marc:datafield tag="337" ind1=" " ind2=" ">
      <marc:subfield code="a">unmediated</marc:subfield>
      <marc:subfield code="b">n</marc:subfield>
      <marc:subfield code="0">http://rdaregistry.info/termList/RDAMediaType/1007</marc:subfield>
      <marc:subfield code="2">rdamedia</marc:subfield>
    </marc:datafield>
    <marc:datafield tag="338" ind1=" " ind2=" ">
      <marc:subfield code="a">volume</marc:subfield>
      <marc:subfield code="b">nc</marc:subfield>
      <marc:subfield code="0">http://rdaregistry.info/termList/RDACarrierType/1049</marc:subfield>
      <marc:subfield code="2">rdacarrier</marc:subfield>
    </marc:datafield>
    <marc:datafield tag="830" ind1="0" ind2=" ">
      <marc:subfield code="a">Osasto Q</marc:subfield>
      <marc:subfield code="v">1</marc:subfield>
      <marc:subfield code="1">https://musicbrainz.org/series/9b97c04b-99ed-4e16-abff-be948e391674</marc:subfield>
    </marc:datafield>
    <marc:datafield tag="500" ind1=" " ind2=" ">
      <marc:subfield code="a">Fr̲sta finska upplaga 2012</marc:subfield>
    </marc:datafield>
    <marc:datafield tag="655" ind1=" " ind2="4">
      <marc:subfield code="a">Thriller</marc:subfield>
    </marc:datafield>
    <marc:datafield tag="655" ind1=" " ind2="4">
      <marc:subfield code="a">Krim</marc:subfield>
    </marc:datafield>
    <marc:datafield tag="655" ind1=" " ind2="4">
      <marc:subfield code="a">Fiksjon</marc:subfield>
    </marc:datafield>
    <marc:datafield tag="700" ind1="1" ind2=" ">
      <marc:subfield code="a">Huttunen, Katriina</marc:subfield>
      <marc:subfield code="0">http://viaf.org/viaf/231514369</marc:subfield>
      <marc:subfield code="e">trl</marc:subfield>
    </marc:datafield>
    <marc:datafield tag="841" ind1=" " ind2=" ">
      <marc:subfield code="5">Vasb</marc:subfield>
      <marc:subfield code="a">x  a</marc:subfield>
      <marc:subfield code="b">160628||0000|||||000||||||000000</marc:subfield>
      <marc:subfield code="e">1</marc:subfield>
    </marc:datafield>
    <marc:datafield tag="852" ind1=" " ind2=" ">
      <marc:subfield code="5">Vasb</marc:subfield>
      <marc:subfield code="b">Vasb</marc:subfield>
      <marc:subfield code="h">Hub</marc:subfield>
    </marc:datafield>
    <marc:datafield tag="900" ind1="1" ind2="s">
      <marc:subfield code="6">100</marc:subfield>
      <marc:subfield code="a">Olsen, Jussi Adler</marc:subfield>
      <marc:subfield code="u">Adler-Olsen, Jussi</marc:subfield>
    </marc:datafield>
    <marc:datafield tag="955" ind1=" " ind2="s">
      <marc:subfield code="6">655</marc:subfield>
      <marc:subfield code="a">Detektivromaner</marc:subfield>
      <marc:subfield code="u">Deckare</marc:subfield>
    </marc:datafield>
    <marc:datafield tag="955" ind1=" " ind2="s">
      <marc:subfield code="6">655</marc:subfield>
      <marc:subfield code="w">||e</marc:subfield>
      <marc:subfield code="a">Historiska deckare</marc:subfield>
      <marc:subfield code="u">Deckare</marc:subfield>
    </marc:datafield>
    <marc:datafield tag="955" ind1=" " ind2="s">
      <marc:subfield code="6">655</marc:subfield>
      <marc:subfield code="w">||e</marc:subfield>
      <marc:subfield code="a">Hr̄dkokta deckare</marc:subfield>
      <marc:subfield code="u">Deckare</marc:subfield>
    </marc:datafield>
    <marc:datafield tag="955" ind1=" " ind2="s">
      <marc:subfield code="6">655</marc:subfield>
      <marc:subfield code="a">Kriminalromaner</marc:subfield>
      <marc:subfield code="u">Deckare</marc:subfield>
    </marc:datafield>
    <marc:datafield tag="955" ind1=" " ind2="s">
      <marc:subfield code="6">655</marc:subfield>
      <marc:subfield code="w">||e</marc:subfield>
      <marc:subfield code="a">Politiromaner</marc:subfield>
      <marc:subfield code="u">Deckare</marc:subfield>
    </marc:datafield>
    <marc:datafield tag="955" ind1=" " ind2="s">
      <marc:subfield code="6">655</marc:subfield>
      <marc:subfield code="w">||e</marc:subfield>
      <marc:subfield code="a">Psykologiska deckare</marc:subfield>
      <marc:subfield code="u">Deckare</marc:subfield>
    </marc:datafield>
    <marc:datafield tag="955" ind1=" " ind2="s">
      <marc:subfield code="6">655</marc:subfield>
      <marc:subfield code="w">||e</marc:subfield>
      <marc:subfield code="a">Pusseldeckare</marc:subfield>
      <marc:subfield code="u">Deckare</marc:subfield>
    </marc:datafield>
    <marc:datafield tag="955" ind1=" " ind2="k">
      <marc:subfield code="6">655</marc:subfield>
      <marc:subfield code="w">g</marc:subfield>
      <marc:subfield code="a">Skn̲litteratur</marc:subfield>
      <marc:subfield code="u">Deckare</marc:subfield>
    </marc:datafield>
    <marc:datafield tag="955" ind1=" " ind2="k">
      <marc:subfield code="6">655</marc:subfield>
      <marc:subfield code="w">g</marc:subfield>
      <marc:subfield code="a">Skn̲litteratur</marc:subfield>
      <marc:subfield code="u">Romaner</marc:subfield>
    </marc:datafield>
    <marc:datafield tag="955" ind1=" " ind2="k">
      <marc:subfield code="6">655</marc:subfield>
      <marc:subfield code="w">h</marc:subfield>
      <marc:subfield code="a">Brevromaner</marc:subfield>
      <marc:subfield code="u">Romaner</marc:subfield>
    </marc:datafield>
    <marc:datafield tag="955" ind1=" " ind2="k">
      <marc:subfield code="6">655</marc:subfield>
      <marc:subfield code="w">h</marc:subfield>
      <marc:subfield code="a">Dagboksromaner</marc:subfield>
      <marc:subfield code="u">Romaner</marc:subfield>
    </marc:datafield>
    <marc:datafield tag="955" ind1=" " ind2="k">
      <marc:subfield code="6">655</marc:subfield>
      <marc:subfield code="w">h</marc:subfield>
      <marc:subfield code="a">Kollektivromaner</marc:subfield>
      <marc:subfield code="u">Romaner</marc:subfield>
    </marc:datafield>
    <marc:datafield tag="955" ind1=" " ind2="k">
      <marc:subfield code="6">655</marc:subfield>
      <marc:subfield code="w">h</marc:subfield>
      <marc:subfield code="a">Nyckelromaner</marc:subfield>
      <marc:subfield code="u">Romaner</marc:subfield>
    </marc:datafield>
    <marc:datafield tag="955" ind1=" " ind2="k">
      <marc:subfield code="6">655</marc:subfield>
      <marc:subfield code="w">h</marc:subfield>
      <marc:subfield code="a">Pikareskromaner</marc:subfield>
      <marc:subfield code="u">Romaner</marc:subfield>
    </marc:datafield>
    <marc:datafield tag="955" ind1=" " ind2="k">
      <marc:subfield code="6">655</marc:subfield>
      <marc:subfield code="w">h</marc:subfield>
      <marc:subfield code="a">Serieromaner</marc:subfield>
      <marc:subfield code="u">Romaner</marc:subfield>
    </marc:datafield>
    <marc:datafield tag="955" ind1=" " ind2="k">
      <marc:subfield code="6">655</marc:subfield>
      <marc:subfield code="w">h</marc:subfield>
      <marc:subfield code="a">Utvecklingsromaner</marc:subfield>
      <marc:subfield code="u">Romaner</marc:subfield>
    </marc:datafield>
  </marc:record>