
  <marc:record>
    <marc:leader>14651cam a22021733a 4500</marc:leader>
    <marc:controlfield tag="001">19309404</marc:controlfield>
    <marc:controlfield tag="003">LIBRIS</marc:controlfield>
    <marc:controlfield tag="005">20160621150458.0</marc:controlfield>
    <marc:controlfield tag="007">cr |||   |||||         </marc:controlfield>
    <marc:controlfield tag="008">160224s2016    sw |||||o|||||000 f|swe|d</marc:controlfield>
    <marc:datafield tag="020" ind1=" " ind2=" ">
      <marc:subfield code="a">9789100165642</marc:subfield>
    </marc:datafield>
    <marc:datafield tag="024" ind1="7" ind2=" ">
      <marc:subfield code="5">BinE</marc:subfield>
      <marc:subfield code="a">1039479</marc:subfield>
      <marc:subfield code="2">Distributr̲: Elib</marc:subfield>
    </marc:datafield>
    <marc:datafield tag="024" ind1="7" ind2=" ">
      <marc:subfield code="5">Biv</marc:subfield>
      <marc:subfield code="a">1039479</marc:subfield>
      <marc:subfield code="2">Distributr̲: Elib</marc:subfield>
    </marc:datafield>
    <marc:datafield tag="024" ind1="7" ind2=" ">
      <marc:subfield code="5">BoE</marc:subfield>
      <marc:subfield code="a">1039479</marc:subfield>
      <marc:subfield code="2">Distributr̲: Elib</marc:subfield>
    </marc:datafield>
    <marc:datafield tag="024" ind1="7" ind2=" ">
      <marc:subfield code="5">Elan</marc:subfield>
      <marc:subfield code="a">1039479</marc:subfield>
      <marc:subfield code="2">Distributr̲: Elib</marc:subfield>
    </marc:datafield>
    <marc:datafield tag="024" ind1="7" ind2=" ">
      <marc:subfield code="5">Elib</marc:subfield>
      <marc:subfield code="a">1039479</marc:subfield>
      <marc:subfield code="2">Distributr̲: Elib</marc:subfield>
    </marc:datafield>
    <marc:datafield tag="024" ind1="7" ind2=" ">
      <marc:subfield code="5">GbgE</marc:subfield>
      <marc:subfield code="a">1039479</marc:subfield>
      <marc:subfield code="2">Distributr̲: Elib</marc:subfield>
    </marc:datafield>
    <marc:datafield tag="024" ind1="7" ind2=" ">
      <marc:subfield code="5">Gnos</marc:subfield>
      <marc:subfield code="a">1039479</marc:subfield>
      <marc:subfield code="2">Distributr̲: Elib</marc:subfield>
    </marc:datafield>
    <marc:datafield tag="024" ind1="7" ind2=" ">
      <marc:subfield code="5">Habo</marc:subfield>
      <marc:subfield code="a">1039479</marc:subfield>
      <marc:subfield code="2">Distributr̲: Elib</marc:subfield>
    </marc:datafield>
    <marc:datafield tag="024" ind1="7" ind2=" ">
      <marc:subfield code="5">Harj</marc:subfield>
      <marc:subfield code="a">1039479</marc:subfield>
      <marc:subfield code="2">Distributr̲: Elib</marc:subfield>
    </marc:datafield>
    <marc:datafield tag="024" ind1="7" ind2=" ">
      <marc:subfield code="5">Helg</marc:subfield>
      <marc:subfield code="a">1039479</marc:subfield>
      <marc:subfield code="2">Distributr̲: Elib</marc:subfield>
    </marc:datafield>
    <marc:datafield tag="024" ind1="7" ind2=" ">
      <marc:subfield code="5">HibE</marc:subfield>
      <marc:subfield code="a">1039479</marc:subfield>
      <marc:subfield code="2">Distributr̲: Elib</marc:subfield>
    </marc:datafield>
    <marc:datafield tag="024" ind1="7" ind2=" ">
      <marc:subfield code="5">HsdE</marc:subfield>
      <marc:subfield code="a">1039479</marc:subfield>
      <marc:subfield code="2">Distributr̲: Elib</marc:subfield>
    </marc:datafield>
    <marc:datafield tag="024" ind1="7" ind2=" ">
      <marc:subfield code="5">Kas</marc:subfield>
      <marc:subfield code="a">1039479</marc:subfield>
      <marc:subfield code="2">Distributr̲: Elib</marc:subfield>
    </marc:datafield>
    <marc:datafield tag="024" ind1="7" ind2=" ">
      <marc:subfield code="5">Kniv</marc:subfield>
      <marc:subfield code="a">1039479</marc:subfield>
      <marc:subfield code="2">Distributr̲: Elib</marc:subfield>
    </marc:datafield>
    <marc:datafield tag="024" ind1="7" ind2=" ">
      <marc:subfield code="5">Krkb</marc:subfield>
      <marc:subfield code="a">1039479</marc:subfield>
      <marc:subfield code="2">Distributr̲: Elib</marc:subfield>
    </marc:datafield>
    <marc:datafield tag="024" ind1="7" ind2=" ">
      <marc:subfield code="5">Kssb</marc:subfield>
      <marc:subfield code="a">1039479</marc:subfield>
      <marc:subfield code="2">Distributr̲: Elib</marc:subfield>
    </marc:datafield>
    <marc:datafield tag="024" ind1="7" ind2=" ">
      <marc:subfield code="5">Less</marc:subfield>
      <marc:subfield code="a">1039479</marc:subfield>
      <marc:subfield code="2">Distributr̲: Elib</marc:subfield>
    </marc:datafield>
    <marc:datafield tag="024" ind1="7" ind2=" ">
      <marc:subfield code="5">MoE</marc:subfield>
      <marc:subfield code="a">1039479</marc:subfield>
      <marc:subfield code="2">Distributr̲: Elib</marc:subfield>
    </marc:datafield>
    <marc:datafield tag="024" ind1="7" ind2=" ">
      <marc:subfield code="5">Nass</marc:subfield>
      <marc:subfield code="a">1039479</marc:subfield>
      <marc:subfield code="2">Distributr̲: Elib</marc:subfield>
    </marc:datafield>
    <marc:datafield tag="024" ind1="7" ind2=" ">
      <marc:subfield code="5">Okb</marc:subfield>
      <marc:subfield code="a">1039479</marc:subfield>
      <marc:subfield code="2">Distributr̲: Elib</marc:subfield>
    </marc:datafield>
    <marc:datafield tag="024" ind1="7" ind2=" ">
      <marc:subfield code="5">Os</marc:subfield>
      <marc:subfield code="a">1039479</marc:subfield>
      <marc:subfield code="2">Distributr̲: Elib</marc:subfield>
    </marc:datafield>
    <marc:datafield tag="024" ind1="7" ind2=" ">
      <marc:subfield code="5">Soll</marc:subfield>
      <marc:subfield code="a">1039479</marc:subfield>
      <marc:subfield code="2">Distributr̲: Elib</marc:subfield>
    </marc:datafield>
    <marc:datafield tag="024" ind1="7" ind2=" ">
      <marc:subfield code="5">TimE</marc:subfield>
      <marc:subfield code="a">1039479</marc:subfield>
      <marc:subfield code="2">Distributr̲: Elib</marc:subfield>
    </marc:datafield>
    <marc:datafield tag="024" ind1="7" ind2=" ">
      <marc:subfield code="5">Trel</marc:subfield>
      <marc:subfield code="a">1039479</marc:subfield>
      <marc:subfield code="2">Distributr̲: Elib</marc:subfield>
    </marc:datafield>
    <marc:datafield tag="024" ind1="7" ind2=" ">
      <marc:subfield code="5">Um</marc:subfield>
      <marc:subfield code="a">1039479</marc:subfield>
      <marc:subfield code="2">Distributr̲: Elib</marc:subfield>
    </marc:datafield>
    <marc:datafield tag="035" ind1=" " ind2=" ">
      <marc:subfield code="a">Elib1039479</marc:subfield>
    </marc:datafield>
    <marc:datafield tag="040" ind1=" " ind2=" ">
      <marc:subfield code="e">a</marc:subfield>
    </marc:datafield>
    <marc:datafield tag="041" ind1=" " ind2=" ">
      <marc:subfield code="a">swe</marc:subfield>
    </marc:datafield>
    <marc:datafield tag="072" ind1=" " ind2="7">
      <marc:subfield code="a">FF</marc:subfield>
      <marc:subfield code="2">bicssc</marc:subfield>
    </marc:datafield>
    <marc:datafield tag="100" ind1="1" ind2=" ">
      <marc:subfield code="a">Adler-Olsen, Jussi</marc:subfield>
      <marc:subfield code="4">aut</marc:subfield>
      <marc:subfield code="0">http://viaf.org/viaf/87407021</marc:subfield>
    </marc:datafield>
    <marc:datafield tag="245" ind1="1" ind2="0">
      <marc:subfield code="a">Washingtondekretet</marc:subfield>
      <marc:subfield code="c">Adler-Olsen, Jussi</marc:subfield>
    </marc:datafield>
    <marc:datafield tag="260" ind1=" " ind2="1">
      <marc:subfield code="a">Stockholm</marc:subfield>
      <marc:subfield code="b">Albert Bonniers förlag</marc:subfield>
      <marc:subfield code="c">2016</marc:subfield>
    </marc:datafield>
    <marc:datafield tag="300" ind1=" " ind2=" ">
      <marc:subfield code="a">636 s.</marc:subfield>
    </marc:datafield>
    <marc:datafield tag="336" ind1=" " ind2=" ">
      <marc:subfield code="a">text</marc:subfield>
      <marc:subfield code="0">http://rdaregistry.info/termList/RDAContentType/1020</marc:subfield>
      <marc:subfield code="b">txt</marc:subfield>
      <marc:subfield code="2">rdacontent</marc:subfield>
    </marc:datafield>
    <marc:datafield tag="337" ind1=" " ind2=" ">
      <marc:subfield code="a">computer</marc:subfield>
      <marc:subfield code="b">c</marc:subfield>
      <marc:subfield code="0">http://rdaregistry.info/termList/RDAMediaType/1003</marc:subfield>
      <marc:subfield code="2">rdamedia</marc:subfield>
    </marc:datafield>
    <marc:datafield tag="338" ind1=" " ind2=" ">
      <marc:subfield code="a">online resource</marc:subfield>
      <marc:subfield code="b">cr</marc:subfield>
      <marc:subfield code="0">http://rdaregistry.info/termList/RDACarrierType/1018</marc:subfield>
      <marc:subfield code="2">rdacarrier</marc:subfield>
    </marc:datafield>
    <marc:datafield tag="500" ind1=" " ind2=" ">
      <marc:subfield code="5">BinE</marc:subfield>
      <marc:subfield code="a">Online epub (1.59 MB)</marc:subfield>
    </marc:datafield>
    <marc:datafield tag="500" ind1=" " ind2=" ">
      <marc:subfield code="5">BinE</marc:subfield>
      <marc:subfield code="a">Offline epub med Adobe-kryptering (1.59 MB)</marc:subfield>
    </marc:datafield>
    <marc:datafield tag="500" ind1=" " ind2=" ">
      <marc:subfield code="5">Biv</marc:subfield>
      <marc:subfield code="a">Online epub (1.59 MB)</marc:subfield>
    </marc:datafield>
    <marc:datafield tag="500" ind1=" " ind2=" ">
      <marc:subfield code="5">Biv</marc:subfield>
      <marc:subfield code="a">Offline epub med Adobe-kryptering (1.59 MB)</marc:subfield>
    </marc:datafield>
    <marc:datafield tag="500" ind1=" " ind2=" ">
      <marc:subfield code="5">BoE</marc:subfield>
      <marc:subfield code="a">Online epub (1.59 MB)</marc:subfield>
    </marc:datafield>
    <marc:datafield tag="500" ind1=" " ind2=" ">
      <marc:subfield code="5">BoE</marc:subfield>
      <marc:subfield code="a">Offline epub med Adobe-kryptering (1.59 MB)</marc:subfield>
    </marc:datafield>
    <marc:datafield tag="500" ind1=" " ind2=" ">
      <marc:subfield code="5">Elan</marc:subfield>
      <marc:subfield code="a">Online epub (1.59 MB)</marc:subfield>
    </marc:datafield>
    <marc:datafield tag="500" ind1=" " ind2=" ">
      <marc:subfield code="5">Elan</marc:subfield>
      <marc:subfield code="a">Offline epub med Adobe-kryptering (1.59 MB)</marc:subfield>
    </marc:datafield>
    <marc:datafield tag="500" ind1=" " ind2=" ">
      <marc:subfield code="5">GbgE</marc:subfield>
      <marc:subfield code="a">Online epub (1.59 MB)</marc:subfield>
    </marc:datafield>
    <marc:datafield tag="500" ind1=" " ind2=" ">
      <marc:subfield code="5">GbgE</marc:subfield>
      <marc:subfield code="a">Offline epub med Adobe-kryptering (1.59 MB)</marc:subfield>
    </marc:datafield>
    <marc:datafield tag="500" ind1=" " ind2=" ">
      <marc:subfield code="5">Gnos</marc:subfield>
      <marc:subfield code="a">Online epub (1.59 MB)</marc:subfield>
    </marc:datafield>
    <marc:datafield tag="500" ind1=" " ind2=" ">
      <marc:subfield code="5">Gnos</marc:subfield>
      <marc:subfield code="a">Offline epub med Adobe-kryptering (1.59 MB)</marc:subfield>
    </marc:datafield>
    <marc:datafield tag="500" ind1=" " ind2=" ">
      <marc:subfield code="5">Habo</marc:subfield>
      <marc:subfield code="a">Online epub (1.59 MB)</marc:subfield>
    </marc:datafield>
    <marc:datafield tag="500" ind1=" " ind2=" ">
      <marc:subfield code="5">Habo</marc:subfield>
      <marc:subfield code="a">Offline epub med Adobe-kryptering (1.59 MB)</marc:subfield>
    </marc:datafield>
    <marc:datafield tag="500" ind1=" " ind2=" ">
      <marc:subfield code="5">Harj</marc:subfield>
      <marc:subfield code="a">Online epub (1.59 MB)</marc:subfield>
    </marc:datafield>
    <marc:datafield tag="500" ind1=" " ind2=" ">
      <marc:subfield code="5">Harj</marc:subfield>
      <marc:subfield code="a">Offline epub med Adobe-kryptering (1.59 MB)</marc:subfield>
    </marc:datafield>
    <marc:datafield tag="500" ind1=" " ind2=" ">
      <marc:subfield code="5">Helg</marc:subfield>
      <marc:subfield code="a">Online epub (1.59 MB)</marc:subfield>
    </marc:datafield>
    <marc:datafield tag="500" ind1=" " ind2=" ">
      <marc:subfield code="5">Helg</marc:subfield>
      <marc:subfield code="a">Offline epub med Adobe-kryptering (1.59 MB)</marc:subfield>
    </marc:datafield>
    <marc:datafield tag="500" ind1=" " ind2=" ">
      <marc:subfield code="5">HibE</marc:subfield>
      <marc:subfield code="a">Online epub (1.59 MB)</marc:subfield>
    </marc:datafield>
    <marc:datafield tag="500" ind1=" " ind2=" ">
      <marc:subfield code="5">HibE</marc:subfield>
      <marc:subfield code="a">Offline epub med Adobe-kryptering (1.59 MB)</marc:subfield>
    </marc:datafield>
    <marc:datafield tag="500" ind1=" " ind2=" ">
      <marc:subfield code="5">HsdE</marc:subfield>
      <marc:subfield code="a">Online epub (1.59 MB)</marc:subfield>
    </marc:datafield>
    <marc:datafield tag="500" ind1=" " ind2=" ">
      <marc:subfield code="5">HsdE</marc:subfield>
      <marc:subfield code="a">Offline epub med Adobe-kryptering (1.59 MB)</marc:subfield>
    </marc:datafield>
    <marc:datafield tag="500" ind1=" " ind2=" ">
      <marc:subfield code="5">Kas</marc:subfield>
      <marc:subfield code="a">Online epub (1.59 MB)</marc:subfield>
    </marc:datafield>
    <marc:datafield tag="500" ind1=" " ind2=" ">
      <marc:subfield code="5">Kas</marc:subfield>
      <marc:subfield code="a">Offline epub med Adobe-kryptering (1.59 MB)</marc:subfield>
    </marc:datafield>
    <marc:datafield tag="500" ind1=" " ind2=" ">
      <marc:subfield code="5">Kniv</marc:subfield>
      <marc:subfield code="a">Online epub (1.59 MB)</marc:subfield>
    </marc:datafield>
    <marc:datafield tag="500" ind1=" " ind2=" ">
      <marc:subfield code="5">Kniv</marc:subfield>
      <marc:subfield code="a">Offline epub med Adobe-kryptering (1.59 MB)</marc:subfield>
    </marc:datafield>
    <marc:datafield tag="500" ind1=" " ind2=" ">
      <marc:subfield code="5">Krkb</marc:subfield>
      <marc:subfield code="a">Online epub (1.59 MB)</marc:subfield>
    </marc:datafield>
    <marc:datafield tag="500" ind1=" " ind2=" ">
      <marc:subfield code="5">Krkb</marc:subfield>
      <marc:subfield code="a">Offline epub med Adobe-kryptering (1.59 MB)</marc:subfield>
    </marc:datafield>
    <marc:datafield tag="500" ind1=" " ind2=" ">
      <marc:subfield code="5">Kssb</marc:subfield>
      <marc:subfield code="a">Online epub (1.59 MB)</marc:subfield>
    </marc:datafield>
    <marc:datafield tag="500" ind1=" " ind2=" ">
      <marc:subfield code="5">Kssb</marc:subfield>
      <marc:subfield code="a">Offline epub med Adobe-kryptering (1.59 MB)</marc:subfield>
    </marc:datafield>
    <marc:datafield tag="500" ind1=" " ind2=" ">
      <marc:subfield code="5">Less</marc:subfield>
      <marc:subfield code="a">Online epub (1.59 MB)</marc:subfield>
    </marc:datafield>
    <marc:datafield tag="500" ind1=" " ind2=" ">
      <marc:subfield code="5">Less</marc:subfield>
      <marc:subfield code="a">Offline epub med Adobe-kryptering (1.59 MB)</marc:subfield>
    </marc:datafield>
    <marc:datafield tag="500" ind1=" " ind2=" ">
      <marc:subfield code="5">MoE</marc:subfield>
      <marc:subfield code="a">Online epub (1.59 MB)</marc:subfield>
    </marc:datafield>
    <marc:datafield tag="500" ind1=" " ind2=" ">
      <marc:subfield code="5">MoE</marc:subfield>
      <marc:subfield code="a">Offline epub med Adobe-kryptering (1.59 MB)</marc:subfield>
    </marc:datafield>
    <marc:datafield tag="500" ind1=" " ind2=" ">
      <marc:subfield code="5">Nass</marc:subfield>
      <marc:subfield code="a">Online epub (1.59 MB)</marc:subfield>
    </marc:datafield>
    <marc:datafield tag="500" ind1=" " ind2=" ">
      <marc:subfield code="5">Nass</marc:subfield>
      <marc:subfield code="a">Offline epub med Adobe-kryptering (1.59 MB)</marc:subfield>
    </marc:datafield>
    <marc:datafield tag="500" ind1=" " ind2=" ">
      <marc:subfield code="5">Okb</marc:subfield>
      <marc:subfield code="a">Online epub (1.59 MB)</marc:subfield>
    </marc:datafield>
    <marc:datafield tag="500" ind1=" " ind2=" ">
      <marc:subfield code="5">Okb</marc:subfield>
      <marc:subfield code="a">Offline epub med Adobe-kryptering (1.59 MB)</marc:subfield>
    </marc:datafield>
    <marc:datafield tag="500" ind1=" " ind2=" ">
      <marc:subfield code="5">Os</marc:subfield>
      <marc:subfield code="a">Online epub (1.59 MB)</marc:subfield>
    </marc:datafield>
    <marc:datafield tag="500" ind1=" " ind2=" ">
      <marc:subfield code="5">Os</marc:subfield>
      <marc:subfield code="a">Offline epub med Adobe-kryptering (1.59 MB)</marc:subfield>
    </marc:datafield>
    <marc:datafield tag="500" ind1=" " ind2=" ">
      <marc:subfield code="5">Soll</marc:subfield>
      <marc:subfield code="a">Online epub (1.59 MB)</marc:subfield>
    </marc:datafield>
    <marc:datafield tag="500" ind1=" " ind2=" ">
      <marc:subfield code="5">Soll</marc:subfield>
      <marc:subfield code="a">Offline epub med Adobe-kryptering (1.59 MB)</marc:subfield>
    </marc:datafield>
    <marc:datafield tag="500" ind1=" " ind2=" ">
      <marc:subfield code="5">TimE</marc:subfield>
      <marc:subfield code="a">Online epub (1.59 MB)</marc:subfield>
    </marc:datafield>
    <marc:datafield tag="500" ind1=" " ind2=" ">
      <marc:subfield code="5">TimE</marc:subfield>
      <marc:subfield code="a">Offline epub med Adobe-kryptering (1.59 MB)</marc:subfield>
    </marc:datafield>
    <marc:datafield tag="500" ind1=" " ind2=" ">
      <marc:subfield code="5">Trel</marc:subfield>
      <marc:subfield code="a">Online epub (1.59 MB)</marc:subfield>
    </marc:datafield>
    <marc:datafield tag="500" ind1=" " ind2=" ">
      <marc:subfield code="5">Trel</marc:subfield>
      <marc:subfield code="a">Offline epub med Adobe-kryptering (1.59 MB)</marc:subfield>
    </marc:datafield>
    <marc:datafield tag="500" ind1=" " ind2=" ">
      <marc:subfield code="5">Um</marc:subfield>
      <marc:subfield code="a">Online epub (1.59 MB)</marc:subfield>
    </marc:datafield>
    <marc:datafield tag="500" ind1=" " ind2=" ">
      <marc:subfield code="5">Um</marc:subfield>
      <marc:subfield code="a">Offline epub med Adobe-kryptering (1.59 MB)</marc:subfield>
    </marc:datafield>
    <marc:datafield tag="520" ind1=" " ind2=" ">
      <marc:subfield code="a">Tankevc̃kande thriller frn̄ fr̲fattaren bakom Avdelning Q-bc̲kernaDoggie Rogers r̃ lycklig nr̃ hon kliver in p ̄Hotel Splendor fr̲ att fira den demokratiske presidentkandidaten Bruce Jansens historiska valseger. Hon r̃ full av hopp infr̲ framtiden och v̲ertygad om att Jansen r̃ den rt̃te att axla rollen som vr̃ldens mk̃tigaste man. Men medan den nyvalde presidenten hyllas av sina trogna medarbetare drar en man i rummet plt̲sligt vapen. Skottet trf̃far Bruce Jansens hg̲gravida hustru, och varken hon eller det ofd̲da barnet gr̄ att rd̃da.Doggie r̃ i chocktillstn̄d  inte minst fr̲ att hennes egen far anklagas fr̲ mordet. Nr̃ Bruce Jansen senare svr̃ presidenteden r̃ han en djupt fr̲bittrad man. Han lg̃ger fram en ytterst kontroversiell fr̲ordning som ska t̄erupprt̃ta ordningen i USA. Men d ̄det gr̄ upp fr̲ medborgarna vad Washingtondekretet innebr̃, bryter helvetet loss. Snart r̃ grñserna stñgda, utegn̄gsfr̲bud infr̲s och inbr̲deskriget hotar.En liten grupp mñniskor, med Doggie Rogers i tt̃en, klamrar sig dock fast vid hoppet och gr̲ allt fr̲ att avslj̲a komplotten som det amerikanska samhl̃let r̃ utsatt fr̲. Doggie har blivit landets mest eftersk̲ta kvinna. Och nationens framtid&amp;#xa0;vilar p ̄hennes axlar.Washingtondekretet r̃ en tankevc̃kande politisk thriller frn̄ fr̲fattaren bakom succb̌c̲kerna om Avdelning Q."Intelligent och tankevc̃kande"Politiken &amp;#xd6;verst̃tare:Leif Jacobsen,Omslagsformgivare:Miroslav Sokcic [Elib]</marc:subfield>
    </marc:datafield>
    <marc:datafield tag="599" ind1=" " ind2=" ">
      <marc:subfield code="a">♯ndrad av Elib 2016-06-17</marc:subfield>
    </marc:datafield>
    <marc:datafield tag="655" ind1=" " ind2="4">
      <marc:subfield code="a">Thriller</marc:subfield>
    </marc:datafield>
    <marc:datafield tag="655" ind1=" " ind2="4">
      <marc:subfield code="a">Krim</marc:subfield>
    </marc:datafield>
    <marc:datafield tag="655" ind1=" " ind2="4">
      <marc:subfield code="a">Fiksjon</marc:subfield>
    </marc:datafield>
    <marc:datafield tag="700" ind1="1" ind2=" ">
      <marc:subfield code="a">Jacobsen, Leif</marc:subfield>
      <marc:subfield code="0">http://viaf.org/viaf/168668724</marc:subfield>
      <marc:subfield code="e">trl</marc:subfield>
    </marc:datafield>
    <marc:datafield tag="841" ind1=" " ind2=" ">
      <marc:subfield code="5">BOKR</marc:subfield>
      <marc:subfield code="a">x  a</marc:subfield>
      <marc:subfield code="b">160224||0000|||||000||||||000000</marc:subfield>
      <marc:subfield code="e">1</marc:subfield>
    </marc:datafield>
    <marc:datafield tag="841" ind1=" " ind2=" ">
      <marc:subfield code="5">BinE</marc:subfield>
      <marc:subfield code="a">x  a</marc:subfield>
      <marc:subfield code="b">160621||0000|||||000||||||000000</marc:subfield>
      <marc:subfield code="e">1</marc:subfield>
    </marc:datafield>
    <marc:datafield tag="841" ind1=" " ind2=" ">
      <marc:subfield code="5">Biv</marc:subfield>
      <marc:subfield code="a">x  a</marc:subfield>
      <marc:subfield code="b">180530||0000|||||000||||||000000</marc:subfield>
      <marc:subfield code="e">1</marc:subfield>
    </marc:datafield>
    <marc:datafield tag="841" ind1=" " ind2=" ">
      <marc:subfield code="5">BoE</marc:subfield>
      <marc:subfield code="a">x  a</marc:subfield>
      <marc:subfield code="b">170208||0000|||||000||||||000000</marc:subfield>
      <marc:subfield code="e">1</marc:subfield>
    </marc:datafield>
    <marc:datafield tag="841" ind1=" " ind2=" ">
      <marc:subfield code="5">Elan</marc:subfield>
      <marc:subfield code="a">x  a</marc:subfield>
      <marc:subfield code="b">180827||0000|||||000||||||000000</marc:subfield>
      <marc:subfield code="e">1</marc:subfield>
    </marc:datafield>
    <marc:datafield tag="841" ind1=" " ind2=" ">
      <marc:subfield code="5">Elib</marc:subfield>
      <marc:subfield code="a">x  a</marc:subfield>
      <marc:subfield code="b">160621||0000|||||000||||||000000</marc:subfield>
      <marc:subfield code="e">1</marc:subfield>
    </marc:datafield>
    <marc:datafield tag="841" ind1=" " ind2=" ">
      <marc:subfield code="5">GbgE</marc:subfield>
      <marc:subfield code="a">x  a</marc:subfield>
      <marc:subfield code="b">161128||0000|||||000||||||000000</marc:subfield>
      <marc:subfield code="e">1</marc:subfield>
    </marc:datafield>
    <marc:datafield tag="841" ind1=" " ind2=" ">
      <marc:subfield code="5">Gnos</marc:subfield>
      <marc:subfield code="a">x  a</marc:subfield>
      <marc:subfield code="b">170208||0000|||||000||||||000000</marc:subfield>
      <marc:subfield code="e">1</marc:subfield>
    </marc:datafield>
    <marc:datafield tag="841" ind1=" " ind2=" ">
      <marc:subfield code="5">Habo</marc:subfield>
      <marc:subfield code="a">x  a</marc:subfield>
      <marc:subfield code="b">171205||0000|||||000||||||000000</marc:subfield>
      <marc:subfield code="e">1</marc:subfield>
    </marc:datafield>
    <marc:datafield tag="841" ind1=" " ind2=" ">
      <marc:subfield code="5">Harj</marc:subfield>
      <marc:subfield code="a">x  a</marc:subfield>
      <marc:subfield code="b">170208||0000|||||000||||||000000</marc:subfield>
      <marc:subfield code="e">1</marc:subfield>
    </marc:datafield>
    <marc:datafield tag="841" ind1=" " ind2=" ">
      <marc:subfield code="5">Helg</marc:subfield>
      <marc:subfield code="a">x  a</marc:subfield>
      <marc:subfield code="b">170208||0000|||||000||||||000000</marc:subfield>
      <marc:subfield code="e">1</marc:subfield>
    </marc:datafield>
    <marc:datafield tag="841" ind1=" " ind2=" ">
      <marc:subfield code="5">HibE</marc:subfield>
      <marc:subfield code="a">x  a</marc:subfield>
      <marc:subfield code="b">160621||0000|||||000||||||000000</marc:subfield>
      <marc:subfield code="e">1</marc:subfield>
    </marc:datafield>
    <marc:datafield tag="841" ind1=" " ind2=" ">
      <marc:subfield code="5">HsdE</marc:subfield>
      <marc:subfield code="a">x  a</marc:subfield>
      <marc:subfield code="b">170906||0000|||||000||||||000000</marc:subfield>
      <marc:subfield code="e">1</marc:subfield>
    </marc:datafield>
    <marc:datafield tag="841" ind1=" " ind2=" ">
      <marc:subfield code="5">Kas</marc:subfield>
      <marc:subfield code="a">x  a</marc:subfield>
      <marc:subfield code="b">190212||0000|||||000||||||000000</marc:subfield>
      <marc:subfield code="e">1</marc:subfield>
    </marc:datafield>
    <marc:datafield tag="841" ind1=" " ind2=" ">
      <marc:subfield code="5">Kniv</marc:subfield>
      <marc:subfield code="a">x  a</marc:subfield>
      <marc:subfield code="b">190211||0000|||||000||||||000000</marc:subfield>
      <marc:subfield code="e">1</marc:subfield>
    </marc:datafield>
    <marc:datafield tag="841" ind1=" " ind2=" ">
      <marc:subfield code="5">Krkb</marc:subfield>
      <marc:subfield code="a">x  a</marc:subfield>
      <marc:subfield code="b">180524||0000|||||000||||||000000</marc:subfield>
      <marc:subfield code="e">1</marc:subfield>
    </marc:datafield>
    <marc:datafield tag="841" ind1=" " ind2=" ">
      <marc:subfield code="5">Kssb</marc:subfield>
      <marc:subfield code="a">x  a</marc:subfield>
      <marc:subfield code="b">160621||0000|||||000||||||000000</marc:subfield>
      <marc:subfield code="e">1</marc:subfield>
    </marc:datafield>
    <marc:datafield tag="841" ind1=" " ind2=" ">
      <marc:subfield code="5">Less</marc:subfield>
      <marc:subfield code="a">x  a</marc:subfield>
      <marc:subfield code="b">170208||0000|||||000||||||000000</marc:subfield>
      <marc:subfield code="e">1</marc:subfield>
    </marc:datafield>
    <marc:datafield tag="841" ind1=" " ind2=" ">
      <marc:subfield code="5">MoE</marc:subfield>
      <marc:subfield code="a">x  a</marc:subfield>
      <marc:subfield code="b">160906||0000|||||000||||||000000</marc:subfield>
      <marc:subfield code="e">1</marc:subfield>
    </marc:datafield>
    <marc:datafield tag="841" ind1=" " ind2=" ">
      <marc:subfield code="5">Nass</marc:subfield>
      <marc:subfield code="a">x  a</marc:subfield>
      <marc:subfield code="b">190111||0000|||||000||||||000000</marc:subfield>
      <marc:subfield code="e">1</marc:subfield>
    </marc:datafield>
    <marc:datafield tag="841" ind1=" " ind2=" ">
      <marc:subfield code="5">Okb</marc:subfield>
      <marc:subfield code="a">x  a</marc:subfield>
      <marc:subfield code="b">190220||0000|||||000||||||000000</marc:subfield>
      <marc:subfield code="e">1</marc:subfield>
    </marc:datafield>
    <marc:datafield tag="841" ind1=" " ind2=" ">
      <marc:subfield code="5">Os</marc:subfield>
      <marc:subfield code="a">x  a</marc:subfield>
      <marc:subfield code="b">190221||0000|||||000||||||000000</marc:subfield>
      <marc:subfield code="e">1</marc:subfield>
    </marc:datafield>
    <marc:datafield tag="841" ind1=" " ind2=" ">
      <marc:subfield code="5">Soll</marc:subfield>
      <marc:subfield code="a">x  a</marc:subfield>
      <marc:subfield code="b">190108||0000|||||000||||||000000</marc:subfield>
      <marc:subfield code="e">1</marc:subfield>
    </marc:datafield>
    <marc:datafield tag="841" ind1=" " ind2=" ">
      <marc:subfield code="5">TimE</marc:subfield>
      <marc:subfield code="a">x  a</marc:subfield>
      <marc:subfield code="b">190111||0000|||||000||||||000000</marc:subfield>
      <marc:subfield code="e">1</marc:subfield>
    </marc:datafield>
    <marc:datafield tag="841" ind1=" " ind2=" ">
      <marc:subfield code="5">Trel</marc:subfield>
      <marc:subfield code="a">x  a</marc:subfield>
      <marc:subfield code="b">180108||0000|||||000||||||000000</marc:subfield>
      <marc:subfield code="e">1</marc:subfield>
    </marc:datafield>
    <marc:datafield tag="841" ind1=" " ind2=" ">
      <marc:subfield code="5">Um</marc:subfield>
      <marc:subfield code="a">x  a</marc:subfield>
      <marc:subfield code="b">170210||0000|||||000||||||000000</marc:subfield>
      <marc:subfield code="e">1</marc:subfield>
    </marc:datafield>
    <marc:datafield tag="852" ind1=" " ind2=" ">
      <marc:subfield code="5">BOKR</marc:subfield>
      <marc:subfield code="b">BOKR</marc:subfield>
    </marc:datafield>
    <marc:datafield tag="852" ind1=" " ind2=" ">
      <marc:subfield code="5">BinE</marc:subfield>
      <marc:subfield code="b">BinE</marc:subfield>
      <marc:subfield code="c">E-Bok</marc:subfield>
      <marc:subfield code="h">Hc.01/DR</marc:subfield>
      <marc:subfield code="x">origin:Elib</marc:subfield>
      <marc:subfield code="z">Online epub (1.59 MB)</marc:subfield>
      <marc:subfield code="z">Offline epub med Adobe-kryptering (1.59 MB)</marc:subfield>
    </marc:datafield>
    <marc:datafield tag="852" ind1=" " ind2=" ">
      <marc:subfield code="5">Biv</marc:subfield>
      <marc:subfield code="b">Biv</marc:subfield>
      <marc:subfield code="c">E-Bok</marc:subfield>
      <marc:subfield code="h">Hc.01/DR</marc:subfield>
      <marc:subfield code="x">origin:Elib</marc:subfield>
      <marc:subfield code="z">Online epub (1.59 MB)</marc:subfield>
      <marc:subfield code="z">Offline epub med Adobe-kryptering (1.59 MB)</marc:subfield>
    </marc:datafield>
    <marc:datafield tag="852" ind1=" " ind2=" ">
      <marc:subfield code="5">BoE</marc:subfield>
      <marc:subfield code="b">BoE</marc:subfield>
      <marc:subfield code="c">E-Bok</marc:subfield>
      <marc:subfield code="h">Hc.01/DR</marc:subfield>
      <marc:subfield code="x">origin:Elib</marc:subfield>
      <marc:subfield code="z">Online epub (1.59 MB)</marc:subfield>
      <marc:subfield code="z">Offline epub med Adobe-kryptering (1.59 MB)</marc:subfield>
    </marc:datafield>
    <marc:datafield tag="852" ind1=" " ind2=" ">
      <marc:subfield code="5">Elan</marc:subfield>
      <marc:subfield code="b">Elan</marc:subfield>
      <marc:subfield code="c">E-Bok</marc:subfield>
      <marc:subfield code="h">Hc.01/DR</marc:subfield>
      <marc:subfield code="x">origin:Elib</marc:subfield>
      <marc:subfield code="z">Online epub (1.59 MB)</marc:subfield>
      <marc:subfield code="z">Offline epub med Adobe-kryptering (1.59 MB)</marc:subfield>
    </marc:datafield>
    <marc:datafield tag="852" ind1=" " ind2=" ">
      <marc:subfield code="5">Elib</marc:subfield>
      <marc:subfield code="b">Elib</marc:subfield>
      <marc:subfield code="x">origin:Elib</marc:subfield>
    </marc:datafield>
    <marc:datafield tag="852" ind1=" " ind2=" ">
      <marc:subfield code="5">GbgE</marc:subfield>
      <marc:subfield code="b">GbgE</marc:subfield>
      <marc:subfield code="c">E-Bok</marc:subfield>
      <marc:subfield code="h">Hc.01/DR</marc:subfield>
      <marc:subfield code="x">origin:Elib</marc:subfield>
      <marc:subfield code="z">Online epub (1.59 MB)</marc:subfield>
      <marc:subfield code="z">Offline epub med Adobe-kryptering (1.59 MB)</marc:subfield>
    </marc:datafield>
    <marc:datafield tag="852" ind1=" " ind2=" ">
      <marc:subfield code="5">Gnos</marc:subfield>
      <marc:subfield code="b">Gnos</marc:subfield>
      <marc:subfield code="c">E-Bok</marc:subfield>
      <marc:subfield code="h">Hc.01/DR</marc:subfield>
      <marc:subfield code="x">origin:Elib</marc:subfield>
      <marc:subfield code="z">Online epub (1.59 MB)</marc:subfield>
      <marc:subfield code="z">Offline epub med Adobe-kryptering (1.59 MB)</marc:subfield>
    </marc:datafield>
    <marc:datafield tag="852" ind1=" " ind2=" ">
      <marc:subfield code="5">Habo</marc:subfield>
      <marc:subfield code="b">Habo</marc:subfield>
      <marc:subfield code="c">E-Bok</marc:subfield>
      <marc:subfield code="h">Hc.01/DR</marc:subfield>
      <marc:subfield code="x">origin:Elib</marc:subfield>
      <marc:subfield code="z">Online epub (1.59 MB)</marc:subfield>
      <marc:subfield code="z">Offline epub med Adobe-kryptering (1.59 MB)</marc:subfield>
    </marc:datafield>
    <marc:datafield tag="852" ind1=" " ind2=" ">
      <marc:subfield code="5">Harj</marc:subfield>
      <marc:subfield code="b">Harj</marc:subfield>
      <marc:subfield code="c">E-Bok</marc:subfield>
      <marc:subfield code="h">Hc.01/DR</marc:subfield>
      <marc:subfield code="x">origin:Elib</marc:subfield>
      <marc:subfield code="z">Online epub (1.59 MB)</marc:subfield>
      <marc:subfield code="z">Offline epub med Adobe-kryptering (1.59 MB)</marc:subfield>
    </marc:datafield>
    <marc:datafield tag="852" ind1=" " ind2=" ">
      <marc:subfield code="5">Helg</marc:subfield>
      <marc:subfield code="b">Helg</marc:subfield>
      <marc:subfield code="c">E-Bok</marc:subfield>
      <marc:subfield code="h">Hc.01/DR</marc:subfield>
      <marc:subfield code="x">origin:Elib</marc:subfield>
      <marc:subfield code="z">Online epub (1.59 MB)</marc:subfield>
      <marc:subfield code="z">Offline epub med Adobe-kryptering (1.59 MB)</marc:subfield>
    </marc:datafield>
    <marc:datafield tag="852" ind1=" " ind2=" ">
      <marc:subfield code="5">HibE</marc:subfield>
      <marc:subfield code="b">HibE</marc:subfield>
      <marc:subfield code="c">E-Bok</marc:subfield>
      <marc:subfield code="h">Hc.01/DR</marc:subfield>
      <marc:subfield code="x">origin:Elib</marc:subfield>
      <marc:subfield code="z">Online epub (1.59 MB)</marc:subfield>
      <marc:subfield code="z">Offline epub med Adobe-kryptering (1.59 MB)</marc:subfield>
    </marc:datafield>
    <marc:datafield tag="852" ind1=" " ind2=" ">
      <marc:subfield code="5">HsdE</marc:subfield>
      <marc:subfield code="b">HsdE</marc:subfield>
      <marc:subfield code="c">E-Bok</marc:subfield>
      <marc:subfield code="h">Hc.01/DR</marc:subfield>
      <marc:subfield code="x">origin:Elib</marc:subfield>
      <marc:subfield code="z">Online epub (1.59 MB)</marc:subfield>
      <marc:subfield code="z">Offline epub med Adobe-kryptering (1.59 MB)</marc:subfield>
    </marc:datafield>
    <marc:datafield tag="852" ind1=" " ind2=" ">
      <marc:subfield code="5">Kas</marc:subfield>
      <marc:subfield code="b">Kas</marc:subfield>
      <marc:subfield code="c">E-Bok</marc:subfield>
      <marc:subfield code="h">Hc.01/DR</marc:subfield>
      <marc:subfield code="x">origin:Elib</marc:subfield>
      <marc:subfield code="z">Online epub (1.59 MB)</marc:subfield>
      <marc:subfield code="z">Offline epub med Adobe-kryptering (1.59 MB)</marc:subfield>
    </marc:datafield>
    <marc:datafield tag="852" ind1=" " ind2=" ">
      <marc:subfield code="5">Kniv</marc:subfield>
      <marc:subfield code="b">Kniv</marc:subfield>
      <marc:subfield code="c">E-Bok</marc:subfield>
      <marc:subfield code="h">Hc.01/DR</marc:subfield>
      <marc:subfield code="x">origin:Elib</marc:subfield>
      <marc:subfield code="z">Online epub (1.59 MB)</marc:subfield>
      <marc:subfield code="z">Offline epub med Adobe-kryptering (1.59 MB)</marc:subfield>
    </marc:datafield>
    <marc:datafield tag="852" ind1=" " ind2=" ">
      <marc:subfield code="5">Krkb</marc:subfield>
      <marc:subfield code="b">Krkb</marc:subfield>
      <marc:subfield code="c">E-Bok</marc:subfield>
      <marc:subfield code="h">Hc.01/DR</marc:subfield>
      <marc:subfield code="x">origin:Elib</marc:subfield>
      <marc:subfield code="z">Online epub (1.59 MB)</marc:subfield>
      <marc:subfield code="z">Offline epub med Adobe-kryptering (1.59 MB)</marc:subfield>
    </marc:datafield>
    <marc:datafield tag="852" ind1=" " ind2=" ">
      <marc:subfield code="5">Kssb</marc:subfield>
      <marc:subfield code="b">Kssb</marc:subfield>
      <marc:subfield code="c">E-Bok</marc:subfield>
      <marc:subfield code="h">Hc.01/DR</marc:subfield>
      <marc:subfield code="x">origin:Elib</marc:subfield>
      <marc:subfield code="z">Online epub (1.59 MB)</marc:subfield>
      <marc:subfield code="z">Offline epub med Adobe-kryptering (1.59 MB)</marc:subfield>
    </marc:datafield>
    <marc:datafield tag="852" ind1=" " ind2=" ">
      <marc:subfield code="5">Less</marc:subfield>
      <marc:subfield code="b">Less</marc:subfield>
      <marc:subfield code="c">E-Bok</marc:subfield>
      <marc:subfield code="h">Hc.01/DR</marc:subfield>
      <marc:subfield code="x">origin:Elib</marc:subfield>
      <marc:subfield code="z">Online epub (1.59 MB)</marc:subfield>
      <marc:subfield code="z">Offline epub med Adobe-kryptering (1.59 MB)</marc:subfield>
    </marc:datafield>
    <marc:datafield tag="852" ind1=" " ind2=" ">
      <marc:subfield code="5">MoE</marc:subfield>
      <marc:subfield code="b">MoE</marc:subfield>
      <marc:subfield code="c">E-Bok</marc:subfield>
      <marc:subfield code="h">Hc.01/DR</marc:subfield>
      <marc:subfield code="x">origin:Elib</marc:subfield>
      <marc:subfield code="z">Online epub (1.59 MB)</marc:subfield>
      <marc:subfield code="z">Offline epub med Adobe-kryptering (1.59 MB)</marc:subfield>
    </marc:datafield>
    <marc:datafield tag="852" ind1=" " ind2=" ">
      <marc:subfield code="5">Nass</marc:subfield>
      <marc:subfield code="b">Nass</marc:subfield>
      <marc:subfield code="c">E-Bok</marc:subfield>
      <marc:subfield code="h">Hc.01/DR</marc:subfield>
      <marc:subfield code="x">origin:Elib</marc:subfield>
      <marc:subfield code="z">Online epub (1.59 MB)</marc:subfield>
      <marc:subfield code="z">Offline epub med Adobe-kryptering (1.59 MB)</marc:subfield>
    </marc:datafield>
    <marc:datafield tag="852" ind1=" " ind2=" ">
      <marc:subfield code="5">Okb</marc:subfield>
      <marc:subfield code="b">Okb</marc:subfield>
      <marc:subfield code="c">E-Bok</marc:subfield>
      <marc:subfield code="h">Hc.01/DR</marc:subfield>
      <marc:subfield code="x">origin:Elib</marc:subfield>
      <marc:subfield code="z">Online epub (1.59 MB)</marc:subfield>
      <marc:subfield code="z">Offline epub med Adobe-kryptering (1.59 MB)</marc:subfield>
    </marc:datafield>
    <marc:datafield tag="852" ind1=" " ind2=" ">
      <marc:subfield code="5">Os</marc:subfield>
      <marc:subfield code="b">Os</marc:subfield>
      <marc:subfield code="c">E-Bok</marc:subfield>
      <marc:subfield code="h">Hc.01/DR</marc:subfield>
      <marc:subfield code="x">origin:Elib</marc:subfield>
      <marc:subfield code="z">Online epub (1.59 MB)</marc:subfield>
      <marc:subfield code="z">Offline epub med Adobe-kryptering (1.59 MB)</marc:subfield>
    </marc:datafield>
    <marc:datafield tag="852" ind1=" " ind2=" ">
      <marc:subfield code="5">Soll</marc:subfield>
      <marc:subfield code="b">Soll</marc:subfield>
      <marc:subfield code="c">E-Bok</marc:subfield>
      <marc:subfield code="h">Hc.01/DR</marc:subfield>
      <marc:subfield code="x">origin:Elib</marc:subfield>
      <marc:subfield code="z">Online epub (1.59 MB)</marc:subfield>
      <marc:subfield code="z">Offline epub med Adobe-kryptering (1.59 MB)</marc:subfield>
    </marc:datafield>
    <marc:datafield tag="852" ind1=" " ind2=" ">
      <marc:subfield code="5">TimE</marc:subfield>
      <marc:subfield code="b">TimE</marc:subfield>
      <marc:subfield code="c">E-Bok</marc:subfield>
      <marc:subfield code="h">Hc.01/DR</marc:subfield>
      <marc:subfield code="x">origin:Elib</marc:subfield>
      <marc:subfield code="z">Online epub (1.59 MB)</marc:subfield>
      <marc:subfield code="z">Offline epub med Adobe-kryptering (1.59 MB)</marc:subfield>
    </marc:datafield>
    <marc:datafield tag="852" ind1=" " ind2=" ">
      <marc:subfield code="5">Trel</marc:subfield>
      <marc:subfield code="b">Trel</marc:subfield>
      <marc:subfield code="c">E-Bok</marc:subfield>
      <marc:subfield code="h">Hc.01/DR</marc:subfield>
      <marc:subfield code="x">origin:Elib</marc:subfield>
      <marc:subfield code="z">Online epub (1.59 MB)</marc:subfield>
      <marc:subfield code="z">Offline epub med Adobe-kryptering (1.59 MB)</marc:subfield>
    </marc:datafield>
    <marc:datafield tag="852" ind1=" " ind2=" ">
      <marc:subfield code="5">Um</marc:subfield>
      <marc:subfield code="b">Um</marc:subfield>
      <marc:subfield code="c">E-Bok</marc:subfield>
      <marc:subfield code="h">Hc.01/DR</marc:subfield>
      <marc:subfield code="x">origin:Elib</marc:subfield>
      <marc:subfield code="z">Online epub (1.59 MB)</marc:subfield>
      <marc:subfield code="z">Offline epub med Adobe-kryptering (1.59 MB)</marc:subfield>
    </marc:datafield>
    <marc:datafield tag="856" ind1="4" ind2="2">
      <marc:subfield code="u">https://images.elib.se/cover/1039479/1039479_201606211105.jpg</marc:subfield>
      <marc:subfield code="x">digipic</marc:subfield>
      <marc:subfield code="z">Omslagsbild</marc:subfield>
    </marc:datafield>
    <marc:datafield tag="856" ind1="4" ind2="2">
      <marc:subfield code="5">GbgE</marc:subfield>
      <marc:subfield code="u">https://e-gotlib.elib.se/Books/Details/1039479</marc:subfield>
      <marc:subfield code="x">origin:Elib</marc:subfield>
      <marc:subfield code="z">Ln̄a frn̄ ditt bibliotek. Ln̄ekort krṽs.</marc:subfield>
    </marc:datafield>
    <marc:datafield tag="856" ind1="4" ind2="2">
      <marc:subfield code="5">HibE</marc:subfield>
      <marc:subfield code="u">https://hb.elib.se/Books/Details/1039479</marc:subfield>
      <marc:subfield code="x">origin:Elib</marc:subfield>
      <marc:subfield code="z">Ln̄a frn̄ ditt bibliotek. Ln̄ekort krṽs.</marc:subfield>
    </marc:datafield>
    <marc:datafield tag="856" ind1="4" ind2="2">
      <marc:subfield code="5">MoE</marc:subfield>
      <marc:subfield code="u">https://malmo.elib.se/Books/Details/1039479</marc:subfield>
      <marc:subfield code="x">origin:Elib</marc:subfield>
      <marc:subfield code="z">Ln̄a frn̄ ditt bibliotek. Ln̄ekort krṽs.</marc:subfield>
    </marc:datafield>
    <marc:datafield tag="887" ind1=" " ind2=" ">
      <marc:subfield code="a">{"@id":"g0s49xns5rdrbzw","modified":"2016-06-21T15:04:58+02:00","checksum":"67054879776"}</marc:subfield>
      <marc:subfield code="2">librisxl</marc:subfield>
    </marc:datafield>
    <marc:datafield tag="887" ind1=" " ind2=" ">
      <marc:subfield code="5">BOKR</marc:subfield>
      <marc:subfield code="a">{"@id":"qv31r8hw0kq8g3c","modified":"2018-09-06T09:07:31.476+02:00","checksum":"33259509124"}</marc:subfield>
      <marc:subfield code="2">librisxl</marc:subfield>
    </marc:datafield>
    <marc:datafield tag="887" ind1=" " ind2=" ">
      <marc:subfield code="5">BinE</marc:subfield>
      <marc:subfield code="a">{"@id":"hmvwwckn2q4744g","modified":"2018-04-18T11:33:30+02:00","checksum":"32812187576"}</marc:subfield>
      <marc:subfield code="2">librisxl</marc:subfield>
    </marc:datafield>
    <marc:datafield tag="887" ind1=" " ind2=" ">
      <marc:subfield code="5">Biv</marc:subfield>
      <marc:subfield code="a">{"@id":"jnwcdzfp1ms9qn8","modified":"2018-05-30T15:01:31+02:00","checksum":"43902583074"}</marc:subfield>
      <marc:subfield code="2">librisxl</marc:subfield>
    </marc:datafield>
    <marc:datafield tag="887" ind1=" " ind2=" ">
      <marc:subfield code="5">BoE</marc:subfield>
      <marc:subfield code="a">{"@id":"lqz42qxr2vv28wb","modified":"2017-02-08T15:39:48+01:00","checksum":"40938404538"}</marc:subfield>
      <marc:subfield code="2">librisxl</marc:subfield>
    </marc:datafield>
    <marc:datafield tag="887" ind1=" " ind2=" ">
      <marc:subfield code="5">Elan</marc:subfield>
      <marc:subfield code="a">{"@id":"t3zwsd92r1s28281","modified":"2018-08-27T14:22:17.702+02:00","checksum":"28256729445"}</marc:subfield>
      <marc:subfield code="2">librisxl</marc:subfield>
    </marc:datafield>
    <marc:datafield tag="887" ind1=" " ind2=" ">
      <marc:subfield code="5">Elib</marc:subfield>
      <marc:subfield code="a">{"@id":"gltvvbjm0hbq1qm","modified":"2019-02-21T11:37:07.802+01:00","checksum":"33230701321"}</marc:subfield>
      <marc:subfield code="2">librisxl</marc:subfield>
    </marc:datafield>
    <marc:datafield tag="887" ind1=" " ind2=" ">
      <marc:subfield code="5">GbgE</marc:subfield>
      <marc:subfield code="a">{"@id":"8dmq15pf3ljbdx8","modified":"2018-04-18T11:33:33+02:00","checksum":"30009314049"}</marc:subfield>
      <marc:subfield code="2">librisxl</marc:subfield>
    </marc:datafield>
    <marc:datafield tag="887" ind1=" " ind2=" ">
      <marc:subfield code="5">Gnos</marc:subfield>
      <marc:subfield code="a">{"@id":"9fntrfmg5r2682v","modified":"2017-02-08T15:39:46+01:00","checksum":"35761652597"}</marc:subfield>
      <marc:subfield code="2">librisxl</marc:subfield>
    </marc:datafield>
    <marc:datafield tag="887" ind1=" " ind2=" ">
      <marc:subfield code="5">Habo</marc:subfield>
      <marc:subfield code="a">{"@id":"lqzbf58r5m2l449","modified":"2017-12-05T15:14:42+01:00","checksum":"44225970098"}</marc:subfield>
      <marc:subfield code="2">librisxl</marc:subfield>
    </marc:datafield>
    <marc:datafield tag="887" ind1=" " ind2=" ">
      <marc:subfield code="5">Harj</marc:subfield>
      <marc:subfield code="a">{"@id":"jnw20nvp3d2krs4","modified":"2017-02-08T15:39:47+01:00","checksum":"35862263239"}</marc:subfield>
      <marc:subfield code="2">librisxl</marc:subfield>
    </marc:datafield>
    <marc:datafield tag="887" ind1=" " ind2=" ">
      <marc:subfield code="5">Helg</marc:subfield>
      <marc:subfield code="a">{"@id":"chqwthpj0g7h80l","modified":"2017-02-08T15:39:46+01:00","checksum":"39147366962"}</marc:subfield>
      <marc:subfield code="2">librisxl</marc:subfield>
    </marc:datafield>
    <marc:datafield tag="887" ind1=" " ind2=" ">
      <marc:subfield code="5">HibE</marc:subfield>
      <marc:subfield code="a">{"@id":"kpxzzfmq3hlb21x","modified":"2018-04-18T11:33:34+02:00","checksum":"39473814739"}</marc:subfield>
      <marc:subfield code="2">librisxl</marc:subfield>
    </marc:datafield>
    <marc:datafield tag="887" ind1=" " ind2=" ">
      <marc:subfield code="5">HsdE</marc:subfield>
      <marc:subfield code="a">{"@id":"lqz8555r3shpn90","modified":"2017-09-06T15:33:11+02:00","checksum":"39687227729"}</marc:subfield>
      <marc:subfield code="2">librisxl</marc:subfield>
    </marc:datafield>
    <marc:datafield tag="887" ind1=" " ind2=" ">
      <marc:subfield code="5">Kas</marc:subfield>
      <marc:subfield code="a">{"@id":"5fz7swz73fv28fmc","modified":"2019-02-12T11:54:41.528+01:00","checksum":"19601873424"}</marc:subfield>
      <marc:subfield code="2">librisxl</marc:subfield>
    </marc:datafield>
    <marc:datafield tag="887" ind1=" " ind2=" ">
      <marc:subfield code="5">Kniv</marc:subfield>
      <marc:subfield code="a">{"@id":"q0jp9r89n6vvr55g","modified":"2019-02-11T15:03:07.796+01:00","checksum":"28995393127"}</marc:subfield>
      <marc:subfield code="2">librisxl</marc:subfield>
    </marc:datafield>
    <marc:datafield tag="887" ind1=" " ind2=" ">
      <marc:subfield code="5">Krkb</marc:subfield>
      <marc:subfield code="a">{"@id":"z3bsrs642fj0lt5","modified":"2018-05-24T15:35:05+02:00","checksum":"34011169263"}</marc:subfield>
      <marc:subfield code="2">librisxl</marc:subfield>
    </marc:datafield>
    <marc:datafield tag="887" ind1=" " ind2=" ">
      <marc:subfield code="5">Kssb</marc:subfield>
      <marc:subfield code="a">{"@id":"jnwxxdlp01c8fmb","modified":"2018-04-18T11:33:31+02:00","checksum":"28386782194"}</marc:subfield>
      <marc:subfield code="2">librisxl</marc:subfield>
    </marc:datafield>
    <marc:datafield tag="887" ind1=" " ind2=" ">
      <marc:subfield code="5">Less</marc:subfield>
      <marc:subfield code="a">{"@id":"djrxvjqk28rvq04","modified":"2017-02-08T15:39:46+01:00","checksum":"36350571468"}</marc:subfield>
      <marc:subfield code="2">librisxl</marc:subfield>
    </marc:datafield>
    <marc:datafield tag="887" ind1=" " ind2=" ">
      <marc:subfield code="5">MoE</marc:subfield>
      <marc:subfield code="a">{"@id":"6bkmr2kc47dk50h","modified":"2018-04-18T11:33:32+02:00","checksum":"43542043754"}</marc:subfield>
      <marc:subfield code="2">librisxl</marc:subfield>
    </marc:datafield>
    <marc:datafield tag="887" ind1=" " ind2=" ">
      <marc:subfield code="5">Nass</marc:subfield>
      <marc:subfield code="a">{"@id":"pzc0xddlm7rhdrsb","modified":"2019-01-11T14:27:12.602+01:00","checksum":"23763271542"}</marc:subfield>
      <marc:subfield code="2">librisxl</marc:subfield>
    </marc:datafield>
    <marc:datafield tag="887" ind1=" " ind2=" ">
      <marc:subfield code="5">Okb</marc:subfield>
      <marc:subfield code="a">{"@id":"w5qxd3mntt19vd88","modified":"2019-02-20T14:38:28.386+01:00","checksum":"28710315091"}</marc:subfield>
      <marc:subfield code="2">librisxl</marc:subfield>
    </marc:datafield>
    <marc:datafield tag="887" ind1=" " ind2=" ">
      <marc:subfield code="5">Os</marc:subfield>
      <marc:subfield code="a">{"@id":"cm6hzs4p9679llqp","modified":"2019-02-21T11:37:07.887+01:00","checksum":"25409955077"}</marc:subfield>
      <marc:subfield code="2">librisxl</marc:subfield>
    </marc:datafield>
    <marc:datafield tag="887" ind1=" " ind2=" ">
      <marc:subfield code="5">Soll</marc:subfield>
      <marc:subfield code="a">{"@id":"lv8j56nhj4dz6jbp","modified":"2019-01-08T14:25:34.494+01:00","checksum":"21743890953"}</marc:subfield>
      <marc:subfield code="2">librisxl</marc:subfield>
    </marc:datafield>
    <marc:datafield tag="887" ind1=" " ind2=" ">
      <marc:subfield code="5">TimE</marc:subfield>
      <marc:subfield code="a">{"@id":"fp3qn447cvspfwj5","modified":"2019-01-11T14:27:12.498+01:00","checksum":"30017793502"}</marc:subfield>
      <marc:subfield code="2">librisxl</marc:subfield>
    </marc:datafield>
    <marc:datafield tag="887" ind1=" " ind2=" ">
      <marc:subfield code="5">Trel</marc:subfield>
      <marc:subfield code="a">{"@id":"ns1f6ddt46rbdgh","modified":"2018-01-08T14:58:51+01:00","checksum":"40771534437"}</marc:subfield>
      <marc:subfield code="2">librisxl</marc:subfield>
    </marc:datafield>
    <marc:datafield tag="887" ind1=" " ind2=" ">
      <marc:subfield code="5">Um</marc:subfield>
      <marc:subfield code="a">{"@id":"pt277n0v1r5gm9n","modified":"2017-02-10T15:13:35+01:00","checksum":"34417037364"}</marc:subfield>
      <marc:subfield code="2">librisxl</marc:subfield>
    </marc:datafield>
    <marc:datafield tag="900" ind1="1" ind2="s">
      <marc:subfield code="6">100</marc:subfield>
      <marc:subfield code="a">Olsen, Jussi Adler</marc:subfield>
      <marc:subfield code="u">Adler-Olsen, Jussi</marc:subfield>
    </marc:datafield>
  </marc:record>