
  <marc:record>
    <marc:leader>01537cim a2200409 c 4500</marc:leader>
    <marc:controlfield tag="001">991142443404702201</marc:controlfield>
    <marc:controlfield tag="005">20160811094438.0</marc:controlfield>
    <marc:controlfield tag="007">s| |||||||||||</marc:controlfield>
    <marc:controlfield tag="007">cz||||||||||||</marc:controlfield>
    <marc:controlfield tag="008">130503muuuu2009no#|||| |||||||f#|||nob| </marc:controlfield>
    <marc:datafield tag="015" ind1=" " ind2=" ">
      <marc:subfield code="a">1132684</marc:subfield>
      <marc:subfield code="2">nbf</marc:subfield>
    </marc:datafield>
    <marc:datafield tag="020" ind1=" " ind2=" ">
      <marc:subfield code="a">9788242153357</marc:subfield>
      <marc:subfield code="c">Nkr 199.00</marc:subfield>
    </marc:datafield>
    <marc:datafield tag="035" ind1=" " ind2=" ">
      <marc:subfield code="a">114244340-47bibsys_network</marc:subfield>
    </marc:datafield>
    <marc:datafield tag="035" ind1=" " ind2=" ">
      <marc:subfield code="a">(NO-TrBIB)114244340</marc:subfield>
    </marc:datafield>
    <marc:datafield tag="035" ind1=" " ind2=" ">
      <marc:subfield code="a">(NO-OsBA)0274397</marc:subfield>
    </marc:datafield>
    <marc:datafield tag="040" ind1=" " ind2=" ">
      <marc:subfield code="a">NO-OsNB</marc:subfield>
      <marc:subfield code="b">nob</marc:subfield>
      <marc:subfield code="e">katreg</marc:subfield>
    </marc:datafield>
    <marc:datafield tag="041" ind1="1" ind2=" ">
      <marc:subfield code="h">dan</marc:subfield>
      <marc:subfield code="d">nob</marc:subfield>
    </marc:datafield>
    <marc:datafield tag="042" ind1=" " ind2=" ">
      <marc:subfield code="a">norbibl</marc:subfield>
    </marc:datafield>
    <marc:datafield tag="044" ind1=" " ind2=" ">
      <marc:subfield code="c">no</marc:subfield>
    </marc:datafield>
    <marc:datafield tag="100" ind1="1" ind2=" ">
      <marc:subfield code="a">Adler-Olsen, Jussi</marc:subfield>
      <marc:subfield code="4">aut</marc:subfield>
      <marc:subfield code="0">http://viaf.org/viaf/87407021</marc:subfield>
    </marc:datafield>
    <marc:datafield tag="240" ind1="1" ind2="0">
      <marc:subfield code="a">Kvinnen i buret</marc:subfield>
      <marc:subfield code="0">http://viaf.org/viaf/6990151656331308400003</marc:subfield>
    </marc:datafield>
    <marc:datafield tag="245" ind1="1" ind2="0">
      <marc:subfield code="a">Kvinnen i buret</marc:subfield>
      <marc:subfield code="c">Adler-Olsen, Jussi</marc:subfield>
      <marc:subfield code="h">lydopptak</marc:subfield>
    </marc:datafield>
    <marc:datafield tag="260" ind1=" " ind2=" ">
      <marc:subfield code="a">[Melhus]</marc:subfield>
      <marc:subfield code="b">Lydbokforl.</marc:subfield>
      <marc:subfield code="c">2009 [i.e. 2011]</marc:subfield>
    </marc:datafield>
    <marc:datafield tag="300" ind1=" " ind2=" ">
      <marc:subfield code="a">1 digikort (13 t, 48 min)</marc:subfield>
      <marc:subfield code="c">8 cm, i eske</marc:subfield>
    </marc:datafield>
    <marc:datafield tag="336" ind1=" " ind2=" ">
      <marc:subfield code="a">spoken word</marc:subfield>
      <marc:subfield code="b">spw</marc:subfield>
      <marc:subfield code="0">http://rdaregistry.info/termList/RDAContentType/1013</marc:subfield>
      <marc:subfield code="2">rdacontent</marc:subfield>
    </marc:datafield>
    <marc:datafield tag="337" ind1=" " ind2=" ">
      <marc:subfield code="a">audio</marc:subfield>
      <marc:subfield code="b">s</marc:subfield>
      <marc:subfield code="0">http://rdaregistry.info/termList/RDAMediaType/1001</marc:subfield>
      <marc:subfield code="2">rdamedia</marc:subfield>
    </marc:datafield>
    <marc:datafield tag="338" ind1=" " ind2=" ">
      <marc:subfield code="a">computer card</marc:subfield>
      <marc:subfield code="b">ck</marc:subfield>
      <marc:subfield code="0">http://rdaregistry.info/termList/RDACarrierType/1011</marc:subfield>
      <marc:subfield code="2">rdacarrier</marc:subfield>
    </marc:datafield>
    <marc:datafield tag="380" ind1=" " ind2=" ">
      <marc:subfield code="a">roman</marc:subfield>
      <marc:subfield code="0">http://id.loc.gov/entities/providers/d638d193eb29ac87c0950ab36b80e0e8</marc:subfield>
      <marc:subfield code="2">LCSH</marc:subfield>
    </marc:datafield>
    <marc:datafield tag="490" ind1="1" ind2=" ">
      <marc:subfield code="a">Avdeling Q</marc:subfield>
      <marc:subfield code="v">1</marc:subfield>
    </marc:datafield>
    <marc:datafield tag="500" ind1=" " ind2=" ">
      <marc:subfield code="a">Lest av Helge Winther-Larsen</marc:subfield>
    </marc:datafield>
    <marc:datafield tag="500" ind1=" " ind2=" ">
      <marc:subfield code="a">Kan kun brukes i digispiller</marc:subfield>
    </marc:datafield>
    <marc:datafield tag="500" ind1=" " ind2=" ">
      <marc:subfield code="a">1. norske lydbokutg. 2009</marc:subfield>
    </marc:datafield>
    <marc:datafield tag="700" ind1="1" ind2=" ">
      <marc:subfield code="a">Winther-Larsen, Helge</marc:subfield>
      <marc:subfield code="e">nrt</marc:subfield>
      <marc:subfield code="0">http://viaf.org/viaf/229014277</marc:subfield>
    </marc:datafield>
    <marc:datafield tag="700" ind1="1" ind2=" ">
      <marc:subfield code="a">Krogstad, Erik</marc:subfield>
      <marc:subfield code="e">trl</marc:subfield>
      <marc:subfield code="0">http://viaf.org/viaf/275260852</marc:subfield>
    </marc:datafield>
    <marc:datafield tag="800" ind1="1" ind2=" ">
      <marc:subfield code="a">Adler-Olsen, Jussi</marc:subfield>
      <marc:subfield code="t">Avdeling Q</marc:subfield>
      <marc:subfield code="v">1</marc:subfield>
    </marc:datafield>
    <marc:datafield tag="856" ind1="4" ind2="2">
      <marc:subfield code="3">Beskrivelse fra Forlagssentralen</marc:subfield>
      <marc:subfield code="u">http://content.bibsys.no/content/?type=descr_forlagssentr&amp;isbn=8242153353</marc:subfield>
    </marc:datafield>
    <marc:datafield tag="856" ind1="4" ind2="2">
      <marc:subfield code="3">Beskrivelse fra forlaget (kort)</marc:subfield>
      <marc:subfield code="u">http://content.bibsys.no/content/?type=descr_publ_brief&amp;isbn=8242153353</marc:subfield>
    </marc:datafield>
    <marc:datafield tag="901" ind1=" " ind2=" ">
      <marc:subfield code="a">90</marc:subfield>
    </marc:datafield>
    <marc:datafield tag="913" ind1=" " ind2=" ">
      <marc:subfield code="a">Norbok</marc:subfield>
      <marc:subfield code="b">NB</marc:subfield>
    </marc:datafield>
    <marc:datafield tag="852" ind1="0" ind2="1">
      <marc:subfield code="a">47BIBSYS_NB</marc:subfield>
      <marc:subfield code="6">991142443404702202</marc:subfield>
      <marc:subfield code="9">P</marc:subfield>
    </marc:datafield>
  </marc:record>