
  <marc:record>
    <marc:leader>01576cgm a2200361 c 4500</marc:leader>
    <marc:controlfield tag="001">999920091325402201</marc:controlfield>
    <marc:controlfield tag="005">20160413141632.0</marc:controlfield>
    <marc:controlfield tag="007">vd cva|||</marc:controlfield>
    <marc:controlfield tag="008">150325p20142013xx 093||||||||    v|dan|d</marc:controlfield>
    <marc:datafield tag="040" ind1=" " ind2=" ">
      <marc:subfield code="a">NO-TrBIB</marc:subfield>
      <marc:subfield code="b">nob</marc:subfield>
      <marc:subfield code="e">katreg</marc:subfield>
    </marc:datafield>
    <marc:datafield tag="041" ind1="0" ind2=" ">
      <marc:subfield code="a">dan</marc:subfield>
      <marc:subfield code="j">nob</marc:subfield>
    </marc:datafield>
    <marc:datafield tag="245" ind1="0" ind2="0">
      <marc:subfield code="a">Kvinnen i buret</marc:subfield>
      <marc:subfield code="c">regi Nørgaard, Mikkel</marc:subfield>
      <marc:subfield code="h">videoopptak</marc:subfield>
    </marc:datafield>
    <marc:datafield tag="260" ind1=" " ind2=" ">
      <marc:subfield code="a">[S.l.]</marc:subfield>
      <marc:subfield code="b">Nordisk Film Distribusjon</marc:subfield>
      <marc:subfield code="c">2014</marc:subfield>
    </marc:datafield>
    <marc:datafield tag="300" ind1=" " ind2=" ">
      <marc:subfield code="a">1 plate (DVD-video) (93 min)</marc:subfield>
      <marc:subfield code="b">lyd, kol.</marc:subfield>
    </marc:datafield>
    <marc:datafield tag="336" ind1=" " ind2=" ">
      <marc:subfield code="a">two-dimensional moving image</marc:subfield>
      <marc:subfield code="b">tdi</marc:subfield>
      <marc:subfield code="0">http://rdaregistry.info/termList/RDAContentType/1023</marc:subfield>
      <marc:subfield code="2">rdacontent</marc:subfield>
    </marc:datafield>
    <marc:datafield tag="337" ind1=" " ind2=" ">
      <marc:subfield code="a">video</marc:subfield>
      <marc:subfield code="b">v</marc:subfield>
      <marc:subfield code="0">http://rdaregistry.info/termList/RDAMediaType/1008</marc:subfield>
      <marc:subfield code="2">rdamedia</marc:subfield>
    </marc:datafield>
    <marc:datafield tag="338" ind1=" " ind2=" ">
      <marc:subfield code="a">videodisc</marc:subfield>
      <marc:subfield code="b">vd</marc:subfield>
      <marc:subfield code="0">http://rdaregistry.info/termList/RDACarrierType/1060</marc:subfield>
      <marc:subfield code="2">rdacarrier</marc:subfield>
    </marc:datafield>
    <marc:datafield tag="380" ind1=" " ind2=" ">
      <marc:subfield code="a">film</marc:subfield>
      <marc:subfield code="0">http://id.loc.gov/authorities/subjects/sh86004702</marc:subfield>
      <marc:subfield code="2">LCSH</marc:subfield>
    </marc:datafield>
    <marc:datafield tag="500" ind1=" " ind2=" ">
      <marc:subfield code="a">Thriller</marc:subfield>
    </marc:datafield>
    <marc:datafield tag="500" ind1=" " ind2=" ">
      <marc:subfield code="a">Basert på en bok av Jussi Adler-Olsen</marc:subfield>
    </marc:datafield>
    <marc:datafield tag="511" ind1="1" ind2=" ">
      <marc:subfield code="a">Rolleliste: Fares Fares, Nikolaj Lie Kaas, Sonja Richter</marc:subfield>
    </marc:datafield>
    <marc:datafield tag="546" ind1=" " ind2=" ">
      <marc:subfield code="a">Dansk tale, norske undertekster valgbare</marc:subfield>
    </marc:datafield>
    <marc:datafield tag="500" ind1=" " ind2=" ">
      <marc:subfield code="a">Medietilsynet : 172487</marc:subfield>
    </marc:datafield>
    <marc:datafield tag="500" ind1=" " ind2=" ">
      <marc:subfield code="a">Ekstramateriale: Buret, makkerparet, filmens univers, klipp fra Fasandreperne</marc:subfield>
    </marc:datafield>
    <marc:datafield tag="653" ind1=" " ind2=" ">
      <marc:subfield code="a">svenske</marc:subfield>
      <marc:subfield code="a">spillefilmer</marc:subfield>
      <marc:subfield code="a">kriminalfilmer</marc:subfield>
      <marc:subfield code="a">sverige</marc:subfield>
      <marc:subfield code="a">krim</marc:subfield>
      <marc:subfield code="a">crime</marc:subfield>
      <marc:subfield code="a">mysterie</marc:subfield>
      <marc:subfield code="a">mystery</marc:subfield>
      <marc:subfield code="a">thriller</marc:subfield>
      <marc:subfield code="a">danmark</marc:subfield>
      <marc:subfield code="a">denmark</marc:subfield>
      <marc:subfield code="a">sweden</marc:subfield>
      <marc:subfield code="a">tyskland</marc:subfield>
      <marc:subfield code="a">germany</marc:subfield>
    </marc:datafield>
    <marc:datafield tag="655" ind1=" " ind2="4">
      <marc:subfield code="a">DVD</marc:subfield>
      <marc:subfield code="2">humord</marc:subfield>
    </marc:datafield>
    <marc:datafield tag="655" ind1=" " ind2="4">
      <marc:subfield code="a">Thriller</marc:subfield>
    </marc:datafield>
    <marc:datafield tag="655" ind1=" " ind2="4">
      <marc:subfield code="a">Krim</marc:subfield>
    </marc:datafield>
    <marc:datafield tag="655" ind1=" " ind2="4">
      <marc:subfield code="a">Fiksjon</marc:subfield>
    </marc:datafield>
    <marc:datafield tag="700" ind1="1" ind2=" ">
      <marc:subfield code="a">Nørgaard, Mikkel.</marc:subfield>
      <marc:subfield code="4">http://rdaregistry.info/Elements/w/filmDirectorAgent.en</marc:subfield>
      <marc:subfield code="e">drt</marc:subfield>
      <marc:subfield code="0">http://viaf.org/viaf/311821935</marc:subfield>
    </marc:datafield>
    <marc:datafield tag="700" ind1="1" ind2=" ">
      <marc:subfield code="a">Arcel, Nikolaj</marc:subfield>
      <marc:subfield code="0">http://viaf.org/viaf/262531535</marc:subfield>
      <marc:subfield code="e">aus</marc:subfield>
    </marc:datafield>
    <marc:datafield tag="700" ind1="1" ind2=" ">
      <marc:subfield code="a">Adler-Olsen, Jussi.</marc:subfield>
      <marc:subfield code="i">Adaption of work</marc:subfield>
      <marc:subfield code="1">http://viaf.org/viaf/4865151656240008400001</marc:subfield>
      <marc:subfield code="4">http://rdaregistry.info/Elements/w/adaptedAsMotionPictureWork.en</marc:subfield>
    </marc:datafield>
    <marc:datafield tag="700" ind1="1" ind2=" ">
      <marc:subfield code="a">Fares, Fares</marc:subfield>
      <marc:subfield code="e">act</marc:subfield>
      <marc:subfield code="0">http://viaf.org/viaf/165358398</marc:subfield>
    </marc:datafield>
    <marc:datafield tag="700" ind1="1" ind2=" ">
      <marc:subfield code="a">Kaas, Nikolaj</marc:subfield>
      <marc:subfield code="e">act</marc:subfield>
      <marc:subfield code="0">http://viaf.org/viaf/86940140</marc:subfield>
    </marc:datafield>
    <marc:datafield tag="700" ind1="1" ind2=" ">
      <marc:subfield code="a">Richter, Sonja</marc:subfield>
      <marc:subfield code="e">act</marc:subfield>
      <marc:subfield code="0">http://viaf.org/viaf/119927402</marc:subfield>
    </marc:datafield>
    <marc:datafield tag="776" ind1="0" ind2=" ">
      <marc:subfield code="w">999919718332702225</marc:subfield>
      <marc:subfield code="t">Kvinnen i buret</marc:subfield>
    </marc:datafield>
    <marc:datafield tag="856" ind1="4" ind2="2">
      <marc:subfield code="3">Mer om filmen</marc:subfield>
      <marc:subfield code="u">http://www.imdb.com/title/tt2438644/</marc:subfield>
    </marc:datafield>
    <marc:datafield tag="901" ind1=" " ind2=" ">
      <marc:subfield code="a">80</marc:subfield>
    </marc:datafield>
    <marc:datafield tag="852" ind1="0" ind2="1">
      <marc:subfield code="a">47BIBSYS_HH</marc:subfield>
      <marc:subfield code="6">999919819352002214</marc:subfield>
      <marc:subfield code="9">P</marc:subfield>
    </marc:datafield>
  </marc:record>