
  <marc:record>
    <marc:leader>00930nim a2200253 c 4500</marc:leader>
    <marc:controlfield tag="001">999920097894102201</marc:controlfield>
    <marc:controlfield tag="005">20180226123329.0</marc:controlfield>
    <marc:controlfield tag="007">sd f||||||||||</marc:controlfield>
    <marc:controlfield tag="008">160405s2016    no ||nn|       f|| |nob| </marc:controlfield>
    <marc:datafield tag="020" ind1=" " ind2=" ">
      <marc:subfield code="a">978-82-421-7171-9</marc:subfield>
      <marc:subfield code="c">Nkr 399.00</marc:subfield>
    </marc:datafield>
    <marc:datafield tag="040" ind1=" " ind2=" ">
      <marc:subfield code="a">NO-OsNB</marc:subfield>
      <marc:subfield code="b">nob</marc:subfield>
      <marc:subfield code="e">katreg</marc:subfield>
    </marc:datafield>
    <marc:datafield tag="041" ind1="1" ind2=" ">
      <marc:subfield code="a">nob</marc:subfield>
      <marc:subfield code="h">dan</marc:subfield>
    </marc:datafield>
    <marc:datafield tag="100" ind1="1" ind2=" ">
      <marc:subfield code="a">Adler-Olsen, Jussi</marc:subfield>
      <marc:subfield code="0">http://viaf.org/viaf/87407021</marc:subfield>
      <marc:subfield code="4">aut</marc:subfield>
    </marc:datafield>
    <marc:datafield tag="240" ind1="1" ind2="0">
      <marc:subfield code="a">Washingtondekretet</marc:subfield>
      <marc:subfield code="0">http://viaf.org/viaf/1140154501893339210001</marc:subfield>
    </marc:datafield>
    <marc:datafield tag="245" ind1="1" ind2="0">
      <marc:subfield code="a">Washingtondekretet</marc:subfield>
      <marc:subfield code="c">Adler-Olsen, Jussi</marc:subfield>
      <marc:subfield code="h">lydopptak</marc:subfield>
    </marc:datafield>
    <marc:datafield tag="260" ind1=" " ind2=" ">
      <marc:subfield code="a">[Oslo]</marc:subfield>
      <marc:subfield code="b">Lydbokforl.</marc:subfield>
      <marc:subfield code="c">2016</marc:subfield>
    </marc:datafield>
    <marc:datafield tag="300" ind1=" " ind2=" ">
      <marc:subfield code="a">18 CD-er (23 t, 18 min)</marc:subfield>
      <marc:subfield code="c">12 cm, i eske</marc:subfield>
    </marc:datafield>
    <marc:datafield tag="336" ind1=" " ind2=" ">
      <marc:subfield code="a">spoken word</marc:subfield>
      <marc:subfield code="b">spw</marc:subfield>
      <marc:subfield code="0">http://rdaregistry.info/termList/RDAContentType/1013</marc:subfield>
      <marc:subfield code="2">rdacontent</marc:subfield>
    </marc:datafield>
    <marc:datafield tag="337" ind1=" " ind2=" ">
      <marc:subfield code="a">audio</marc:subfield>
      <marc:subfield code="b">s</marc:subfield>
      <marc:subfield code="0">http://rdaregistry.info/termList/RDAMediaType/1001</marc:subfield>
      <marc:subfield code="2">rdamedia</marc:subfield>
    </marc:datafield>
    <marc:datafield tag="338" ind1=" " ind2=" ">
      <marc:subfield code="a">audio disc</marc:subfield>
      <marc:subfield code="b">sd</marc:subfield>
      <marc:subfield code="0">http://rdaregistry.info/termList/RDACarrierType/1001</marc:subfield>
      <marc:subfield code="2">rdacarrier</marc:subfield>
    </marc:datafield>
    <marc:datafield tag="380" ind1=" " ind2=" ">
      <marc:subfield code="a">roman</marc:subfield>
      <marc:subfield code="0">http://id.loc.gov/entities/providers/d638d193eb29ac87c0950ab36b80e0e8</marc:subfield>
      <marc:subfield code="2">LCSH</marc:subfield>
    </marc:datafield>
    <marc:datafield tag="500" ind1=" " ind2=" ">
      <marc:subfield code="a">Lest av Nils Johnson</marc:subfield>
    </marc:datafield>
    <marc:datafield tag="700" ind1="1" ind2=" ">
      <marc:subfield code="a">Johnson, Nils</marc:subfield>
      <marc:subfield code="0">(NO-TrBIB)90551152</marc:subfield>
      <marc:subfield code="e">nrt</marc:subfield>
    </marc:datafield>
    <marc:datafield tag="700" ind1="1" ind2=" ">
      <marc:subfield code="a">Krogstad, Erik</marc:subfield>
      <marc:subfield code="0">http://viaf.org/viaf/275260852</marc:subfield>
      <marc:subfield code="e">trl</marc:subfield>
    </marc:datafield>
    <marc:datafield tag="913" ind1=" " ind2=" ">
      <marc:subfield code="a">Norbok</marc:subfield>
      <marc:subfield code="b">NB</marc:subfield>
    </marc:datafield>
    <marc:datafield tag="852" ind1="0" ind2="1">
      <marc:subfield code="a">47BIBSYS_UBTO</marc:subfield>
      <marc:subfield code="6">999919837899302205</marc:subfield>
      <marc:subfield code="9">P</marc:subfield>
    </marc:datafield>
    <marc:datafield tag="852" ind1="0" ind2="1">
      <marc:subfield code="a">47BIBSYS_NB</marc:subfield>
      <marc:subfield code="6">999919836402102202</marc:subfield>
      <marc:subfield code="9">P</marc:subfield>
    </marc:datafield>
  </marc:record>