
  <marc:record>
    <marc:leader>01532ngm a2200349 c 4500</marc:leader>
    <marc:controlfield tag="001">999920147791902201</marc:controlfield>
    <marc:controlfield tag="005">20180226123555.0</marc:controlfield>
    <marc:controlfield tag="007">vd cva|||</marc:controlfield>
    <marc:controlfield tag="008">160817s2016    no 107 |     |    v|dan|d</marc:controlfield>
    <marc:datafield tag="041" ind1="0" ind2=" ">
      <marc:subfield code="j">nob</marc:subfield>
      <marc:subfield code="a">dan</marc:subfield>
    </marc:datafield>
    <marc:datafield tag="130" ind1="0" ind2=" ">
      <marc:subfield code="a">Flaskepost fra P</marc:subfield>
      <marc:subfield code="0">https://www.imdb.com/title/tt4088268</marc:subfield>
    </marc:datafield>
    <marc:datafield tag="245" ind1="0" ind2="0">
      <marc:subfield code="a">Flaskepost fra P</marc:subfield>
      <marc:subfield code="c">regi Moland, Hans Petter</marc:subfield>
      <marc:subfield code="h">videoopptak</marc:subfield>
    </marc:datafield>
    <marc:datafield tag="260" ind1=" " ind2=" ">
      <marc:subfield code="a">Oslo</marc:subfield>
      <marc:subfield code="b">Nordisk film distribusjon</marc:subfield>
      <marc:subfield code="c">cop. 2016</marc:subfield>
    </marc:datafield>
    <marc:datafield tag="300" ind1=" " ind2=" ">
      <marc:subfield code="a">1 plate (DVD-video) (107 min)</marc:subfield>
      <marc:subfield code="b">lyd, kol.</marc:subfield>
    </marc:datafield>
    <marc:datafield tag="336" ind1=" " ind2=" ">
      <marc:subfield code="a">two-dimensional moving image</marc:subfield>
      <marc:subfield code="b">tdi</marc:subfield>
      <marc:subfield code="0">http://rdaregistry.info/termList/RDAContentType/1023</marc:subfield>
      <marc:subfield code="2">rdacontent</marc:subfield>
    </marc:datafield>
    <marc:datafield tag="337" ind1=" " ind2=" ">
      <marc:subfield code="a">video</marc:subfield>
      <marc:subfield code="b">v</marc:subfield>
      <marc:subfield code="0">http://rdaregistry.info/termList/RDAMediaType/1008</marc:subfield>
      <marc:subfield code="2">rdamedia</marc:subfield>
    </marc:datafield>
    <marc:datafield tag="338" ind1=" " ind2=" ">
      <marc:subfield code="a">videodisc</marc:subfield>
      <marc:subfield code="b">vd</marc:subfield>
      <marc:subfield code="0">http://rdaregistry.info/termList/RDACarrierType/1060</marc:subfield>
      <marc:subfield code="2">rdacarrier</marc:subfield>
    </marc:datafield>
    <marc:datafield tag="380" ind1=" " ind2=" ">
      <marc:subfield code="a">film</marc:subfield>
      <marc:subfield code="0">http://id.loc.gov/authorities/subjects/sh86004702</marc:subfield>
      <marc:subfield code="2">LCSH</marc:subfield>
    </marc:datafield>
    <marc:datafield tag="500" ind1=" " ind2=" ">
      <marc:subfield code="a">Thriller</marc:subfield>
    </marc:datafield>
    <marc:datafield tag="500" ind1=" " ind2=" ">
      <marc:subfield code="a">Filmen bygger på en roman av Jussi Adler-Olsen</marc:subfield>
    </marc:datafield>
    <marc:datafield tag="500" ind1=" " ind2=" ">
      <marc:subfield code="a">Produksjon: Danmark : Zentropa, 2016</marc:subfield>
    </marc:datafield>
    <marc:datafield tag="500" ind1=" " ind2=" ">
      <marc:subfield code="a">Kodet for region 2</marc:subfield>
    </marc:datafield>
    <marc:datafield tag="500" ind1=" " ind2=" ">
      <marc:subfield code="a">Ekstramateriale: Bloopers</marc:subfield>
    </marc:datafield>
    <marc:datafield tag="500" ind1=" " ind2=" ">
      <marc:subfield code="a">Medietilsynet: 181032</marc:subfield>
    </marc:datafield>
    <marc:datafield tag="511" ind1="1" ind2=" ">
      <marc:subfield code="a">Nikolaj Lie Kaas, Fares Fares, Pål Sverre Hagen</marc:subfield>
    </marc:datafield>
    <marc:datafield tag="546" ind1=" " ind2=" ">
      <marc:subfield code="a">Dansk tale, norske undertekster valgbare</marc:subfield>
    </marc:datafield>
    <marc:datafield tag="655" ind1=" " ind2="4">
      <marc:subfield code="a">Thriller</marc:subfield>
    </marc:datafield>
    <marc:datafield tag="655" ind1=" " ind2="4">
      <marc:subfield code="a">Krim</marc:subfield>
    </marc:datafield>
    <marc:datafield tag="655" ind1=" " ind2="4">
      <marc:subfield code="a">Fiksjon</marc:subfield>
    </marc:datafield>
    <marc:datafield tag="700" ind1="1" ind2=" ">
      <marc:subfield code="a">Moland, Hans Petter</marc:subfield>
      <marc:subfield code="0">http://viaf.org/viaf/292950212</marc:subfield>
      <marc:subfield code="e">drt</marc:subfield>
      <marc:subfield code="4">http://rdaregistry.info/Elements/w/filmDirectorAgent.en</marc:subfield>
    </marc:datafield>
    <marc:datafield tag="700" ind1="1" ind2=" ">
      <marc:subfield code="a">Arcel, Nikolaj</marc:subfield>
      <marc:subfield code="0">http://viaf.org/viaf/262531535</marc:subfield>
      <marc:subfield code="e">aus</marc:subfield>
    </marc:datafield>
    <marc:datafield tag="700" ind1="1" ind2=" ">
      <marc:subfield code="a">Adler-Olsen, Jussi.</marc:subfield>
      <marc:subfield code="i">Adaption of work</marc:subfield>
      <marc:subfield code="1">http://viaf.org/viaf/1177151656224808400000</marc:subfield>
      <marc:subfield code="4">http://rdaregistry.info/Elements/w/adaptedAsMotionPictureWork.en</marc:subfield>
    </marc:datafield>
    <marc:datafield tag="700" ind1="1" ind2=" ">
      <marc:subfield code="a">Kaas, Nikolaj</marc:subfield>
      <marc:subfield code="0">http://viaf.org/viaf/86940140</marc:subfield>
      <marc:subfield code="e">act</marc:subfield>
    </marc:datafield>
    <marc:datafield tag="700" ind1="1" ind2=" ">
      <marc:subfield code="a">Fares, Fares</marc:subfield>
      <marc:subfield code="0">http://viaf.org/viaf/165358398</marc:subfield>
      <marc:subfield code="e">act</marc:subfield>
    </marc:datafield>
    <marc:datafield tag="700" ind1="1" ind2=" ">
      <marc:subfield code="a">Hagen, Pål Sverre Valheim</marc:subfield>
      <marc:subfield code="0">(NO-TrBIB)9013962</marc:subfield>
      <marc:subfield code="e">act</marc:subfield>
    </marc:datafield>
    <marc:datafield tag="856" ind1="4" ind2="2">
      <marc:subfield code="3">Mer om filmen</marc:subfield>
      <marc:subfield code="u">http://www.imdb.com/title/tt4088268/</marc:subfield>
      <marc:subfield code="u">http://www.dfi.dk/faktaomfilm/film/da/94641.aspx?id=94641</marc:subfield>
    </marc:datafield>
    <marc:datafield tag="852" ind1="0" ind2="1">
      <marc:subfield code="a">47BIBSYS_HIT</marc:subfield>
      <marc:subfield code="6">999919775272602210</marc:subfield>
      <marc:subfield code="9">P</marc:subfield>
    </marc:datafield>
    <marc:datafield tag="852" ind1="0" ind2="1">
      <marc:subfield code="a">47BIBSYS_HIOA</marc:subfield>
      <marc:subfield code="6">999919865029702212</marc:subfield>
      <marc:subfield code="9">P</marc:subfield>
    </marc:datafield>
    <marc:datafield tag="852" ind1="0" ind2="1">
      <marc:subfield code="a">47BIBSYS_HH</marc:subfield>
      <marc:subfield code="6">999919819498002214</marc:subfield>
      <marc:subfield code="9">P</marc:subfield>
    </marc:datafield>
  </marc:record>