
  <marc:record>
    <marc:leader>02853nim a2200469 c 4500</marc:leader>
    <marc:controlfield tag="001">999920242480202201</marc:controlfield>
    <marc:controlfield tag="005">20180613171424.0</marc:controlfield>
    <marc:controlfield tag="007">sd#f|||||||||||</marc:controlfield>
    <marc:controlfield tag="008">170111s2017    no ||nne       f    nob| </marc:controlfield>
    <marc:datafield tag="020" ind1=" " ind2=" ">
      <marc:subfield code="a">978-82-421-7285-3</marc:subfield>
      <marc:subfield code="c">Nkr 399.00</marc:subfield>
    </marc:datafield>
    <marc:datafield tag="035" ind1=" " ind2=" ">
      <marc:subfield code="a">(NO-OsBAS)150261871</marc:subfield>
    </marc:datafield>
    <marc:datafield tag="040" ind1=" " ind2=" ">
      <marc:subfield code="a">NO-OsBAS</marc:subfield>
      <marc:subfield code="b">nob</marc:subfield>
      <marc:subfield code="d">NO-OsNB</marc:subfield>
      <marc:subfield code="e">katreg</marc:subfield>
    </marc:datafield>
    <marc:datafield tag="041" ind1="1" ind2=" ">
      <marc:subfield code="a">nob</marc:subfield>
      <marc:subfield code="h">dan</marc:subfield>
    </marc:datafield>
    <marc:datafield tag="100" ind1="1" ind2=" ">
      <marc:subfield code="a">Adler-Olsen, Jussi</marc:subfield>
      <marc:subfield code="0">http://viaf.org/viaf/87407021</marc:subfield>
      <marc:subfield code="4">aut</marc:subfield>
    </marc:datafield>
    <marc:datafield tag="240" ind1="1" ind2="0">
      <marc:subfield code="a">Selfies</marc:subfield>
      <marc:subfield code="0">http://viaf.org/viaf/4895149068580565730005</marc:subfield>
    </marc:datafield>
    <marc:datafield tag="245" ind1="1" ind2="0">
      <marc:subfield code="a">Selfies</marc:subfield>
      <marc:subfield code="c">Adler-Olsen, Jussi</marc:subfield>
      <marc:subfield code="h">lydopptak</marc:subfield>
    </marc:datafield>
    <marc:datafield tag="260" ind1=" " ind2=" ">
      <marc:subfield code="a">[Oslo]</marc:subfield>
      <marc:subfield code="b">Lydbokforl.</marc:subfield>
      <marc:subfield code="c">2017</marc:subfield>
    </marc:datafield>
    <marc:datafield tag="300" ind1=" " ind2=" ">
      <marc:subfield code="a">13 CD-er (15 t, 47 min)</marc:subfield>
      <marc:subfield code="c">12 cm, i eske</marc:subfield>
    </marc:datafield>
    <marc:datafield tag="336" ind1=" " ind2=" ">
      <marc:subfield code="a">spoken word</marc:subfield>
      <marc:subfield code="b">spw</marc:subfield>
      <marc:subfield code="0">http://rdaregistry.info/termList/RDAContentType/1013</marc:subfield>
      <marc:subfield code="2">rdacontent</marc:subfield>
    </marc:datafield>
    <marc:datafield tag="337" ind1=" " ind2=" ">
      <marc:subfield code="a">audio</marc:subfield>
      <marc:subfield code="b">s</marc:subfield>
      <marc:subfield code="0">http://rdaregistry.info/termList/RDAMediaType/1001</marc:subfield>
      <marc:subfield code="2">rdamedia</marc:subfield>
    </marc:datafield>
    <marc:datafield tag="338" ind1=" " ind2=" ">
      <marc:subfield code="a">audio disc</marc:subfield>
      <marc:subfield code="0">http://rdaregistry.info/termList/RDACarrierType/1001</marc:subfield>
      <marc:subfield code="b">sd</marc:subfield>
      <marc:subfield code="2">rdacarrier</marc:subfield>
    </marc:datafield>
    <marc:datafield tag="380" ind1=" " ind2=" ">
      <marc:subfield code="a">roman</marc:subfield>
      <marc:subfield code="0">http://id.loc.gov/entities/providers/d638d193eb29ac87c0950ab36b80e0e8</marc:subfield>
      <marc:subfield code="2">LCSH</marc:subfield>
    </marc:datafield>
    <marc:datafield tag="490" ind1="1" ind2=" ">
      <marc:subfield code="a">Avdeling Q</marc:subfield>
      <marc:subfield code="v">7</marc:subfield>
    </marc:datafield>
    <marc:datafield tag="511" ind1="0" ind2=" ">
      <marc:subfield code="a">Lest av Helge Winther-Larsen</marc:subfield>
    </marc:datafield>
    <marc:datafield tag="520" ind1=" " ind2=" ">
      <marc:subfield code="a">Nok en gang har Jussi Adler-Olsen skrevet en thriller som holder leseren fast, dette er den 7. boken om Avdeling Q.  Avdelingen står i fare for å legges ned på grunn av lav oppklaringsprosent. Rose er sunket ned i en dypt psykotisk tilstand, knyttet til en mørk fortid. Men snart hoper nye og intrikate saker seg opp for Carl, Assad og Gordon:  Tre unge jenter som lever på sosialstøtte, bestemmer seg for å rane en nattklubb når pengene de får fra det offentlige ikke strekker til. Saksbehandleren deres er ensom, bitter og alvorlig syk. Hun hater de kravstore klientene sine, og legger en djevelsk plan for hvordan hun skal hevne seg på dem.  En eldre kvinne blir funnet drept i Kongens Have. Tilsynelatende er disse hendelsenene helt uavhengige av hverandre, men etter hvert skal det vise seg å være en sammenheng mellom dem.  I «Selfies» gjør Jussi Adler-Olsen det han kan best: å skildre smerten og kampen for å overleve maktesløsheten.</marc:subfield>
    </marc:datafield>
    <marc:datafield tag="651" ind1=" " ind2="7">
      <marc:subfield code="a">Danmark</marc:subfield>
      <marc:subfield code="2">bokbas</marc:subfield>
      <marc:subfield code="9">nob</marc:subfield>
    </marc:datafield>
    <marc:datafield tag="651" ind1=" " ind2="7">
      <marc:subfield code="a">Danmark</marc:subfield>
      <marc:subfield code="2">bokbas</marc:subfield>
      <marc:subfield code="9">nno</marc:subfield>
    </marc:datafield>
    <marc:datafield tag="655" ind1=" " ind2="4">
      <marc:subfield code="a">Thriller</marc:subfield>
    </marc:datafield>
    <marc:datafield tag="655" ind1=" " ind2="4">
      <marc:subfield code="a">Krim</marc:subfield>
    </marc:datafield>
    <marc:datafield tag="655" ind1=" " ind2="4">
      <marc:subfield code="a">Fiksjon</marc:subfield>
    </marc:datafield>
    <marc:datafield tag="700" ind1="1" ind2=" ">
      <marc:subfield code="a">Krogstad, Erik</marc:subfield>
      <marc:subfield code="0">http://viaf.org/viaf/275260852</marc:subfield>
      <marc:subfield code="e">trl</marc:subfield>
    </marc:datafield>
    <marc:datafield tag="700" ind1="1" ind2=" ">
      <marc:subfield code="a">Winther-Larsen, Helge</marc:subfield>
      <marc:subfield code="0">http://viaf.org/viaf/229014277</marc:subfield>
      <marc:subfield code="e">nrt</marc:subfield>
    </marc:datafield>
    <marc:datafield tag="800" ind1="1" ind2=" ">
      <marc:subfield code="a">Adler-Olsen, Jussi</marc:subfield>
      <marc:subfield code="t">Avdeling Q;</marc:subfield>
      <marc:subfield code="v">7</marc:subfield>
      <marc:subfield code="0">http://viaf.org/viaf/87407021</marc:subfield>
      <marc:subfield code="4">aut</marc:subfield>
    </marc:datafield>
    <marc:datafield tag="856" ind1="4" ind2="1">
      <marc:subfield code="a">media.boknett.no</marc:subfield>
      <marc:subfield code="3">Omslagsbilde</marc:subfield>
      <marc:subfield code="u">https://media.boknett.no/objects/71/18/150261871/productimage_ORG_e7a8704151f9820b748c9a023cc40aa711cd85f6.jpg</marc:subfield>
      <marc:subfield code="n">Bokbasen, Oslo</marc:subfield>
      <marc:subfield code="q">image/jpeg</marc:subfield>
    </marc:datafield>
    <marc:datafield tag="856" ind1="4" ind2="1">
      <marc:subfield code="a">media.boknett.no</marc:subfield>
      <marc:subfield code="3">Miniatyrbilde</marc:subfield>
      <marc:subfield code="u">https://media.boknett.no/objects/71/18/150261871/productimage_OS_99701a3f04de71fd24e5417daf9095e788620dcb.jpg</marc:subfield>
      <marc:subfield code="n">Bokbasen, Oslo</marc:subfield>
      <marc:subfield code="q">image/jpeg</marc:subfield>
    </marc:datafield>
    <marc:datafield tag="913" ind1=" " ind2=" ">
      <marc:subfield code="a">Norbok</marc:subfield>
      <marc:subfield code="b">NB</marc:subfield>
    </marc:datafield>
    <marc:datafield tag="852" ind1="0" ind2="1">
      <marc:subfield code="a">47BIBSYS_NB</marc:subfield>
      <marc:subfield code="6">999919870982002202</marc:subfield>
      <marc:subfield code="9">P</marc:subfield>
    </marc:datafield>
  </marc:record>