
  <marc:record>
    <marc:leader>01057nam a22002770  450 </marc:leader>
    <marc:controlfield tag="001">26923530</marc:controlfield>
    <marc:controlfield tag="005">20170809151741.0</marc:controlfield>
    <marc:controlfield tag="008">000000r20072007dk            00| f dan d</marc:controlfield>
    <marc:datafield tag="020" ind1=" " ind2=" ">
      <marc:subfield code="c">kr. 249,00</marc:subfield>
    </marc:datafield>
    <marc:datafield tag="084" ind1=" " ind2=" ">
      <marc:subfield code="a">86:06</marc:subfield>
      <marc:subfield code="2">z</marc:subfield>
    </marc:datafield>
    <marc:datafield tag="100" ind1="1" ind2=" ">
      <marc:subfield code="a">Adler-Olsen, Jussi</marc:subfield>
      <marc:subfield code="0">http://viaf.org/viaf/87407021</marc:subfield>
      <marc:subfield code="4">aut</marc:subfield>
    </marc:datafield>
    <marc:datafield tag="245" ind1="1" ind2="0">
      <marc:subfield code="a">Kvinden i buret </marc:subfield>
      <marc:subfield code="c">Adler-Olsen, Jussi</marc:subfield>
    </marc:datafield>
    <marc:datafield tag="260" ind1=" " ind2=" ">
      <marc:subfield code="a">Kbh.</marc:subfield>
      <marc:subfield code="b">Politiken,</marc:subfield>
      <marc:subfield code="c">2007</marc:subfield>
    </marc:datafield>
    <marc:datafield tag="300" ind1=" " ind2=" ">
      <marc:subfield code="a">378 sider</marc:subfield>
    </marc:datafield>
    <marc:datafield tag="336" ind1=" " ind2=" ">
      <marc:subfield code="a">text</marc:subfield>
      <marc:subfield code="b">txt</marc:subfield>
      <marc:subfield code="0">http://rdaregistry.info/termList/RDAContentType/1020</marc:subfield>
      <marc:subfield code="2">rdacontent</marc:subfield>
    </marc:datafield>
    <marc:datafield tag="337" ind1=" " ind2=" ">
      <marc:subfield code="a">unmediated</marc:subfield>
      <marc:subfield code="b">n</marc:subfield>
      <marc:subfield code="0">http://rdaregistry.info/termList/RDAMediaType/1007</marc:subfield>
      <marc:subfield code="2">rdamedia</marc:subfield>
    </marc:datafield>
    <marc:datafield tag="338" ind1=" " ind2=" ">
      <marc:subfield code="a">volume</marc:subfield>
      <marc:subfield code="b">nc</marc:subfield>
      <marc:subfield code="0">http://rdaregistry.info/termList/RDACarrierType/1049</marc:subfield>
      <marc:subfield code="2">rdacarrier</marc:subfield>
    </marc:datafield>
    <marc:datafield tag="380" ind1=" " ind2=" ">
      <marc:subfield code="a">roman</marc:subfield>
      <marc:subfield code="0">http://id.loc.gov/entities/providers/d638d193eb29ac87c0950ab36b80e0e8</marc:subfield>
      <marc:subfield code="2">LCSH</marc:subfield>
    </marc:datafield>
    <marc:datafield tag="830" ind1=" " ind2=" ">
      <marc:subfield code="a">Afdeling Q</marc:subfield>
      <marc:subfield code="v">1</marc:subfield>
      <marc:subfield code="1">https://musicbrainz.org/series/9b97c04b-99ed-4e16-abff-be948e391674</marc:subfield>
    </marc:datafield>
    <marc:datafield tag="520" ind1="8" ind2=" ">
      <marc:subfield code="a">Krimi. Folketingspolitikeren Merete Lyngg@r̄d forsvinder sporls̜t. Alle spor forfl̜ges, men uden resultat. Sagen henlğges og tages fr̜st op igen, da vicekriminalkommissr̆ Carl Mr̜ck bliver leder af afdeling Q, afdelingen for henlagte sager. Da han graver i sagen, kommer han p ̄sporet af en velplanlagt og perverteret forbrydelse</marc:subfield>
    </marc:datafield>
    <marc:datafield tag="534" ind1=" " ind2=" ">
      <marc:subfield code="a">Originaludgave: 2007</marc:subfield>
    </marc:datafield>
    <marc:datafield tag="534" ind1=" " ind2=" ">
      <marc:subfield code="a">Tidligere: 1. udgave. 2007</marc:subfield>
    </marc:datafield>
    <marc:datafield tag="534" ind1=" " ind2=" ">
      <marc:subfield code="a">1. oplag. 2007</marc:subfield>
    </marc:datafield>
    <marc:datafield tag="534" ind1=" " ind2=" ">
      <marc:subfield code="a">2. oplag. 2007</marc:subfield>
    </marc:datafield>
    <marc:datafield tag="650" ind1=" " ind2="4">
      <marc:subfield code="a">Politi</marc:subfield>
    </marc:datafield>
    <marc:datafield tag="650" ind1=" " ind2="4">
      <marc:subfield code="a">Drap</marc:subfield>
    </marc:datafield>
    <marc:datafield tag="650" ind1=" " ind2="4">
      <marc:subfield code="a">Kriminalitet</marc:subfield>
    </marc:datafield>
    <marc:datafield tag="650" ind1=" " ind2="4">
      <marc:subfield code="a">Korrupsjon</marc:subfield>
    </marc:datafield>
    <marc:datafield tag="650" ind1=" " ind2="4">
      <marc:subfield code="a">Kidnappinger</marc:subfield>
    </marc:datafield>
    <marc:datafield tag="650" ind1=" " ind2="4">
      <marc:subfield code="a">Psykologi</marc:subfield>
    </marc:datafield>
    <marc:datafield tag="655" ind1=" " ind2="4">
      <marc:subfield code="a">Thriller</marc:subfield>
    </marc:datafield>
    <marc:datafield tag="655" ind1=" " ind2="4">
      <marc:subfield code="a">Krim</marc:subfield>
    </marc:datafield>
    <marc:datafield tag="655" ind1=" " ind2="4">
      <marc:subfield code="a">Fiksjon</marc:subfield>
    </marc:datafield>
    <marc:datafield tag="651" ind1=" " ind2="4">
      <marc:subfield code="a">Danmark</marc:subfield>
      <marc:subfield code="y">2000-2009</marc:subfield>
    </marc:datafield>
  </marc:record>