
  <marc:record>
    <marc:leader>00939nam a22002894  450 </marc:leader>
    <marc:controlfield tag="001">53361889</marc:controlfield>
    <marc:controlfield tag="005">20170927145120.0</marc:controlfield>
    <marc:controlfield tag="008">000000s2017    uik           00| f eng d</marc:controlfield>
    <marc:datafield tag="041" ind1="1" ind2=" ">
      <marc:subfield code="a">eng</marc:subfield>
      <marc:subfield code="h">dan</marc:subfield>
    </marc:datafield>
    <marc:datafield tag="084" ind1=" " ind2=" ">
      <marc:subfield code="a">83</marc:subfield>
      <marc:subfield code="2">z</marc:subfield>
    </marc:datafield>
    <marc:datafield tag="084" ind1=" " ind2=" ">
      <marc:subfield code="a">86.9</marc:subfield>
      <marc:subfield code="2">z</marc:subfield>
    </marc:datafield>
    <marc:datafield tag="100" ind1="1" ind2=" ">
      <marc:subfield code="a">Adler-Olsen, Jussi</marc:subfield>
      <marc:subfield code="0">http://viaf.org/viaf/87407021</marc:subfield>
      <marc:subfield code="4">aut</marc:subfield>
    </marc:datafield>
    <marc:datafield tag="240" ind1="1" ind2="0">
      <marc:subfield code="a">Selfies</marc:subfield>
      <marc:subfield code="0">http://viaf.org/viaf/4895149068580565730005</marc:subfield>
    </marc:datafield>
    <marc:datafield tag="245" ind1="1" ind2="4">
      <marc:subfield code="a">The scarred woman</marc:subfield>
      <marc:subfield code="c">Adler-Olsen, Jussi</marc:subfield>
    </marc:datafield>
    <marc:datafield tag="260" ind1=" " ind2=" ">
      <marc:subfield code="a">London</marc:subfield>
      <marc:subfield code="b">Quercus,</marc:subfield>
      <marc:subfield code="c">2017</marc:subfield>
    </marc:datafield>
    <marc:datafield tag="300" ind1=" " ind2=" ">
      <marc:subfield code="a">472 sider</marc:subfield>
    </marc:datafield>
    <marc:datafield tag="336" ind1=" " ind2=" ">
      <marc:subfield code="a">text</marc:subfield>
      <marc:subfield code="b">txt</marc:subfield>
      <marc:subfield code="0">http://rdaregistry.info/termList/RDAContentType/1020</marc:subfield>
      <marc:subfield code="2">rdacontent</marc:subfield>
    </marc:datafield>
    <marc:datafield tag="337" ind1=" " ind2=" ">
      <marc:subfield code="a">unmediated</marc:subfield>
      <marc:subfield code="b">n</marc:subfield>
      <marc:subfield code="0">http://rdaregistry.info/termList/RDAMediaType/1007</marc:subfield>
      <marc:subfield code="2">rdamedia</marc:subfield>
    </marc:datafield>
    <marc:datafield tag="338" ind1=" " ind2=" ">
      <marc:subfield code="a">volume</marc:subfield>
      <marc:subfield code="b">nc</marc:subfield>
      <marc:subfield code="0">http://rdaregistry.info/termList/RDACarrierType/1049</marc:subfield>
      <marc:subfield code="2">rdacarrier</marc:subfield>
    </marc:datafield>
    <marc:datafield tag="380" ind1=" " ind2=" ">
      <marc:subfield code="a">roman</marc:subfield>
      <marc:subfield code="0">http://id.loc.gov/entities/providers/d638d193eb29ac87c0950ab36b80e0e8</marc:subfield>
      <marc:subfield code="2">LCSH</marc:subfield>
    </marc:datafield>
    <marc:datafield tag="830" ind1=" " ind2=" ">
      <marc:subfield code="a">The Department Q</marc:subfield>
      <marc:subfield code="v">7</marc:subfield>
      <marc:subfield code="1">https://musicbrainz.org/series/9b97c04b-99ed-4e16-abff-be948e391674</marc:subfield>
    </marc:datafield>
    <marc:datafield tag="520" ind1="8" ind2=" ">
      <marc:subfield code="a">Krimi. En kvinde findes myrdet i Kongens Have, og i Afdeling Q kobles sagen til et mord med ns̆ten samme fremgangsmd̄e begēt for 12 r̄ siden. Sagen er dog ikke det eneste, der km̆pes med i afdelingen, da Rose pludselig forsvinder</marc:subfield>
    </marc:datafield>
    <marc:datafield tag="650" ind1=" " ind2="4">
      <marc:subfield code="a">Politi</marc:subfield>
    </marc:datafield>
    <marc:datafield tag="650" ind1=" " ind2="4">
      <marc:subfield code="a">Drap</marc:subfield>
    </marc:datafield>
    <marc:datafield tag="650" ind1=" " ind2="4">
      <marc:subfield code="a">Kriminalitet</marc:subfield>
    </marc:datafield>
    <marc:datafield tag="650" ind1=" " ind2="4">
      <marc:subfield code="a">Korrupsjon</marc:subfield>
    </marc:datafield>
    <marc:datafield tag="650" ind1=" " ind2="4">
      <marc:subfield code="a">Kidnappinger</marc:subfield>
    </marc:datafield>
    <marc:datafield tag="650" ind1=" " ind2="4">
      <marc:subfield code="a">Psykologi</marc:subfield>
    </marc:datafield>
    <marc:datafield tag="655" ind1=" " ind2="4">
      <marc:subfield code="a">Thriller</marc:subfield>
    </marc:datafield>
    <marc:datafield tag="655" ind1=" " ind2="4">
      <marc:subfield code="a">Krim</marc:subfield>
    </marc:datafield>
    <marc:datafield tag="655" ind1=" " ind2="4">
      <marc:subfield code="a">Fiksjon</marc:subfield>
    </marc:datafield>
    <marc:datafield tag="650" ind1=" " ind2="4">
      <marc:subfield code="a">Danmark</marc:subfield>
      <marc:subfield code="z">København</marc:subfield>
      <marc:subfield code="y">2010-2019</marc:subfield>
    </marc:datafield>
    <marc:datafield tag="700" ind1="1" ind2=" ">
      <marc:subfield code="a">Frost, William</marc:subfield>
      <marc:subfield code="e">trl</marc:subfield>
      <marc:subfield code="0">http://viaf.org/viaf/DetteErWilliamFrost</marc:subfield>
    </marc:datafield>
    <marc:datafield tag="830" ind1=" " ind2=" ">
      <marc:subfield code="a">The Department Q</marc:subfield>
      <marc:subfield code="v">7</marc:subfield>
      <marc:subfield code="1">https://musicbrainz.org/series/9b97c04b-99ed-4e16-abff-be948e391674</marc:subfield>
    </marc:datafield>
  </marc:record>