
  <marc:record>
    <marc:leader>01750ngm a2200373 c 4500</marc:leader>
    <marc:controlfield tag="001">999920716773602201</marc:controlfield>
    <marc:controlfield tag="005">20181220080539.0</marc:controlfield>
    <marc:controlfield tag="007">vd#csa|||</marc:controlfield>
    <marc:controlfield tag="008">180315s2017    enk114 |     |    v|eng|c</marc:controlfield>
    <marc:datafield tag="040" ind1=" " ind2=" ">
      <marc:subfield code="a">NO-TrBIB</marc:subfield>
      <marc:subfield code="b">nob</marc:subfield>
      <marc:subfield code="e">katreg</marc:subfield>
    </marc:datafield>
    <marc:datafield tag="041" ind1="0" ind2=" ">
      <marc:subfield code="a">eng</marc:subfield>
      <marc:subfield code="a">spa</marc:subfield>
      <marc:subfield code="a">fre</marc:subfield>
      <marc:subfield code="a">ger</marc:subfield>
      <marc:subfield code="a">ita</marc:subfield>
      <marc:subfield code="j">swe</marc:subfield>
      <marc:subfield code="j">nob</marc:subfield>
      <marc:subfield code="j">dan</marc:subfield>
      <marc:subfield code="j">fin</marc:subfield>
      <marc:subfield code="j">eng</marc:subfield>
      <marc:subfield code="j">ara</marc:subfield>
      <marc:subfield code="j">spa</marc:subfield>
      <marc:subfield code="j">dut</marc:subfield>
      <marc:subfield code="j">fre</marc:subfield>
      <marc:subfield code="j">ger</marc:subfield>
      <marc:subfield code="j">hin</marc:subfield>
      <marc:subfield code="j">ice</marc:subfield>
      <marc:subfield code="j">ita</marc:subfield>
      <marc:subfield code="j">por</marc:subfield>
      <marc:subfield code="j">tur</marc:subfield>
    </marc:datafield>
    <marc:datafield tag="130" ind1="0" ind2=" ">
      <marc:subfield code="a">The Snowman.</marc:subfield>
      <marc:subfield code="0">https://www.imdb.com/title/tt1758810</marc:subfield>
    </marc:datafield>
    <marc:datafield tag="245" ind1="0" ind2="4">
      <marc:subfield code="a">The snowman</marc:subfield>
      <marc:subfield code="h">[videoopptak]</marc:subfield>
      <marc:subfield code="c">regi: Tomas Alfredson</marc:subfield>
    </marc:datafield>
    <marc:datafield tag="260" ind1=" " ind2=" ">
      <marc:subfield code="a">[S.l ]</marc:subfield>
      <marc:subfield code="b">Universal Studios</marc:subfield>
      <marc:subfield code="c">2017</marc:subfield>
    </marc:datafield>
    <marc:datafield tag="300" ind1=" " ind2=" ">
      <marc:subfield code="a">1 plate (Blu-ray) (114 min)</marc:subfield>
      <marc:subfield code="b">lyd, kol.</marc:subfield>
    </marc:datafield>
    <marc:datafield tag="336" ind1=" " ind2=" ">
      <marc:subfield code="a">two-dimensional moving image</marc:subfield>
      <marc:subfield code="b">tdi</marc:subfield>
      <marc:subfield code="2">rdacontent</marc:subfield>
      <marc:subfield code="0">http://www.rdaregistry.info/termList/RDAContentType/#1023</marc:subfield>
    </marc:datafield>
    <marc:datafield tag="337" ind1=" " ind2=" ">
      <marc:subfield code="a">video</marc:subfield>
      <marc:subfield code="b">v</marc:subfield>
      <marc:subfield code="2">rdamedia</marc:subfield>
      <marc:subfield code="0">http://www.rdaregistry.info/termList/RDAMediaType/#1008</marc:subfield>
    </marc:datafield>
    <marc:datafield tag="338" ind1=" " ind2=" ">
      <marc:subfield code="a">videodisc</marc:subfield>
      <marc:subfield code="b">vd</marc:subfield>
      <marc:subfield code="2">rdacarrier</marc:subfield>
      <marc:subfield code="0">http://www.rdaregistry.info/termList/RDACarrierType/#1060</marc:subfield>
    </marc:datafield>
    <marc:datafield tag="380" ind1=" " ind2=" ">
      <marc:subfield code="a">Film</marc:subfield>
      <marc:subfield code="0">http://id.loc.gov/authorities/subjects/sh86004702</marc:subfield>
      <marc:subfield code="2">LCSH</marc:subfield>
    </marc:datafield>
    <marc:datafield tag="500" ind1=" " ind2=" ">
      <marc:subfield code="a">VFE26584</marc:subfield>
    </marc:datafield>
    <marc:datafield tag="500" ind1=" " ind2=" ">
      <marc:subfield code="a">401290/UPD1/RO</marc:subfield>
    </marc:datafield>
    <marc:datafield tag="500" ind1=" " ind2=" ">
      <marc:subfield code="a">Norsk kinotittel: Snømannen</marc:subfield>
    </marc:datafield>
    <marc:datafield tag="500" ind1=" " ind2=" ">
      <marc:subfield code="a">Kodet for sone 2, 4 og 5</marc:subfield>
    </marc:datafield>
    <marc:datafield tag="500" ind1=" " ind2=" ">
      <marc:subfield code="a">Medietilsynet: 184602</marc:subfield>
    </marc:datafield>
    <marc:datafield tag="500" ind1=" " ind2=" ">
      <marc:subfield code="a">Basert på en roman av Jo Nesbø</marc:subfield>
    </marc:datafield>
    <marc:datafield tag="500" ind1=" " ind2=" ">
      <marc:subfield code="a">Bonus features: Cast of characters ; Creating Jo Nesbø's world ; The snowman killer ; Norwegian landscape ; Stunt files: The sinking lake</marc:subfield>
    </marc:datafield>
    <marc:datafield tag="511" ind1="1" ind2="0">
      <marc:subfield code="a">Michael Fassbender (Harry Hole), Rebecca Ferguson (Katrine Bratt) m.fl.</marc:subfield>
    </marc:datafield>
    <marc:datafield tag="521" ind1=" " ind2=" ">
      <marc:subfield code="a">Aldersgrense: 15 år</marc:subfield>
    </marc:datafield>
    <marc:datafield tag="546" ind1=" " ind2=" ">
      <marc:subfield code="a">Engelsk, spansk, fransk, tysk eller italiensk tale, undertekster på svensk, norsk, dansk, finsk, islandsk, engelsk, arabisk, spansk, nederlandsk, fransk, tysk, hindi, italiensk, portugisisk og tyrkisk</marc:subfield>
    </marc:datafield>
    <marc:datafield tag="600" ind1="1" ind2="4">
      <marc:subfield code="a">Hole, Harry</marc:subfield>
      <marc:subfield code="c">Fiktiv karakter</marc:subfield>
      <marc:subfield code="e">dpc</marc:subfield>
    </marc:datafield>
    <marc:datafield tag="650" ind1=" " ind2=" ">
      <marc:subfield code="a">Politi</marc:subfield>
    </marc:datafield>
    <marc:datafield tag="650" ind1=" " ind2=" ">
      <marc:subfield code="a">Drap</marc:subfield>
    </marc:datafield>
    <marc:datafield tag="650" ind1=" " ind2=" ">
      <marc:subfield code="a">Kriminalitet</marc:subfield>
    </marc:datafield>
    <marc:datafield tag="650" ind1=" " ind2=" ">
      <marc:subfield code="a">Psykopater</marc:subfield>
    </marc:datafield>
    <marc:datafield tag="653" ind1=" " ind2="0">
      <marc:subfield code="a">thriller</marc:subfield>
      <marc:subfield code="a">krim</marc:subfield>
      <marc:subfield code="a">spillefilmer</marc:subfield>
    </marc:datafield>
    <marc:datafield tag="700" ind1="1" ind2=" ">
      <marc:subfield code="a">Alfredson, Tomas,</marc:subfield>
      <marc:subfield code="d">1965-</marc:subfield>
      <marc:subfield code="0">https://www.imdb.com/name/nm0019247</marc:subfield>
      <marc:subfield code="e">drt</marc:subfield>
    </marc:datafield>
    <marc:datafield tag="700" ind1="1" ind2=" ">
      <marc:subfield code="a">Fassbender, Michael,</marc:subfield>
      <marc:subfield code="d">1977-</marc:subfield>
      <marc:subfield code="0">https://www.imdb.com/name/nm1055413</marc:subfield>
      <marc:subfield code="e">act</marc:subfield>
    </marc:datafield>
    <marc:datafield tag="700" ind1="1" ind2=" ">
      <marc:subfield code="a">Ferguson, Rebecca</marc:subfield>
      <marc:subfield code="0">https://www.imdb.com/name/nm0272581</marc:subfield>
      <marc:subfield code="e">act</marc:subfield>
    </marc:datafield>
    <marc:datafield tag="700" ind1="1" ind2=" ">
      <marc:subfield code="a">Gainsbourg, Charlotte,</marc:subfield>
      <marc:subfield code="d">1971-</marc:subfield>
      <marc:subfield code="0">https://www.imdb.com/name/nm0001250</marc:subfield>
      <marc:subfield code="e">act</marc:subfield>
    </marc:datafield>
    <marc:datafield tag="700" ind1="1" ind2=" ">
      <marc:subfield code="a">Kilmer, Val,</marc:subfield>
      <marc:subfield code="d">1959-</marc:subfield>
      <marc:subfield code="0">https://www.imdb.com/name/nm0000174</marc:subfield>
      <marc:subfield code="e">act</marc:subfield>
    </marc:datafield>
    <marc:datafield tag="700" ind1="1" ind2=" ">
      <marc:subfield code="a">Simmons, J. K.</marc:subfield>
      <marc:subfield code="0">https://www.imdb.com/name/nm0799777</marc:subfield>
      <marc:subfield code="e">act</marc:subfield>
    </marc:datafield>
    <marc:datafield tag="700" ind1="1" ind2=" ">
      <marc:subfield code="a">Nesbø, Jo</marc:subfield>
      <marc:subfield code="i">Adaption of work</marc:subfield>
      <marc:subfield code="4">http://rdaregistry.info/Elements/w/adaptedAsMotionPictureWork.en</marc:subfield>
      <marc:subfield code="1">http://viaf.org/viaf/312388673</marc:subfield>
    </marc:datafield>
    <marc:datafield tag="740" ind1="0" ind2=" ">
      <marc:subfield code="a">Snømannen</marc:subfield>
    </marc:datafield>
  </marc:record>