
  <marc:record>
    <marc:leader>02528nam a22006497i 4500</marc:leader>
    <marc:controlfield tag="001">22663714</marc:controlfield>
    <marc:controlfield tag="003">LIBRIS</marc:controlfield>
    <marc:controlfield tag="005">20180509114856.0</marc:controlfield>
    <marc:controlfield tag="007">ta</marc:controlfield>
    <marc:controlfield tag="008">180509s2017    ko     g      000 f kor d</marc:controlfield>
    <marc:datafield tag="020" ind1=" " ind2=" ">
      <marc:subfield code="a">978-89-546-4660-4</marc:subfield>
      <marc:subfield code="q">hbk.</marc:subfield>
    </marc:datafield>
    <marc:datafield tag="020" ind1=" " ind2=" ">
      <marc:subfield code="a">89-546-4660-3</marc:subfield>
    </marc:datafield>
    <marc:datafield tag="035" ind1=" " ind2=" ">
      <marc:subfield code="a">(OCoLC)on1013135492</marc:subfield>
    </marc:datafield>
    <marc:datafield tag="035" ind1=" " ind2=" ">
      <marc:subfield code="a">(OCoLC)1013135492</marc:subfield>
    </marc:datafield>
    <marc:datafield tag="040" ind1=" " ind2=" ">
      <marc:subfield code="a">KRNLK</marc:subfield>
      <marc:subfield code="b">kor</marc:subfield>
      <marc:subfield code="c">KRNLK</marc:subfield>
      <marc:subfield code="d">KRNLK</marc:subfield>
      <marc:subfield code="d">S</marc:subfield>
    </marc:datafield>
    <marc:datafield tag="041" ind1="1" ind2=" ">
      <marc:subfield code="a">kor</marc:subfield>
      <marc:subfield code="h">swe</marc:subfield>
    </marc:datafield>
    <marc:datafield tag="042" ind1=" " ind2=" ">
      <marc:subfield code="9">SUEC</marc:subfield>
    </marc:datafield>
    <marc:datafield tag="066" ind1=" " ind2=" ">
      <marc:subfield code="c">$1</marc:subfield>
    </marc:datafield>
    <marc:datafield tag="082" ind1="0" ind2="4">
      <marc:subfield code="a">839.738</marc:subfield>
      <marc:subfield code="2">23</marc:subfield>
      <marc:subfield code="q">KR-SlNLK</marc:subfield>
    </marc:datafield>
    <marc:datafield tag="084" ind1=" " ind2=" ">
      <marc:subfield code="a">859.7</marc:subfield>
      <marc:subfield code="q">KR-SlNLK</marc:subfield>
      <marc:subfield code="2">z</marc:subfield>
    </marc:datafield>
    <marc:datafield tag="100" ind1="1" ind2=" ">
      <marc:subfield code="a">Larsson, Stieg</marc:subfield>
      <marc:subfield code="d">1954-2004</marc:subfield>
      <marc:subfield code="0">http://viaf.org/viaf/54441441</marc:subfield>
      <marc:subfield code="4">aut</marc:subfield>
    </marc:datafield>
    <marc:datafield tag="240" ind1="1" ind2=" ">
      <marc:subfield code="a">Luftslottet som sprängdes</marc:subfield>
      <marc:subfield code="0">https://viaf.org/viaf/175978173</marc:subfield>
    </marc:datafield>
    <marc:datafield tag="245" ind1="0" ind2="0">
      <marc:subfield code="a">Beoljip eul bal ro chan sonyeo.</marc:subfield>
    </marc:datafield>
    <marc:datafield tag="260" ind1=" " ind2=" ">
      <marc:subfield code="6">880-02</marc:subfield>
      <marc:subfield code="a">Paju :</marc:subfield>
      <marc:subfield code="b">Munhak Dongne,</marc:subfield>
      <marc:subfield code="c">2017.</marc:subfield>
    </marc:datafield>
    <marc:datafield tag="336" ind1=" " ind2=" ">
      <marc:subfield code="a">text</marc:subfield>
      <marc:subfield code="b">txt</marc:subfield>
      <marc:subfield code="2">rdacontent</marc:subfield>
      <marc:subfield code="0">http://www.rdaregistry.info/termList/RDAContentType/#1020</marc:subfield>
    </marc:datafield>
    <marc:datafield tag="337" ind1=" " ind2=" ">
      <marc:subfield code="a">unmediated</marc:subfield>
      <marc:subfield code="b">n</marc:subfield>
      <marc:subfield code="2">rdamedia</marc:subfield>
      <marc:subfield code="0">http://www.rdaregistry.info/termList/RDAMediaType/#1007</marc:subfield>
    </marc:datafield>
    <marc:datafield tag="338" ind1=" " ind2=" ">
      <marc:subfield code="a">volume</marc:subfield>
      <marc:subfield code="b">nc</marc:subfield>
      <marc:subfield code="2">rdacarrier</marc:subfield>
      <marc:subfield code="0">http://www.rdaregistry.info/termList/RDACarrierType/#1049</marc:subfield>
    </marc:datafield>
    <marc:datafield tag="380" ind1=" " ind2=" ">
      <marc:subfield code="a">Roman</marc:subfield>
      <marc:subfield code="0">http://id.loc.gov/entities/providers/d638d193eb29ac87c0950ab36b80e0e8</marc:subfield>
      <marc:subfield code="2">LCSH</marc:subfield>
    </marc:datafield>
    <marc:datafield tag="490" ind1="0" ind2=" ">
      <marc:subfield code="a">Millennium series ;</marc:subfield>
      <marc:subfield code="v">3</marc:subfield>
    </marc:datafield>
    <marc:datafield tag="600" ind1="1" ind2="4">
      <marc:subfield code="a">Salander, Lisbeth</marc:subfield>
      <marc:subfield code="c">Fiktiv karakter</marc:subfield>
      <marc:subfield code="e">dpc</marc:subfield>
    </marc:datafield>
    <marc:datafield tag="600" ind1="1" ind2="4">
      <marc:subfield code="a">Blomkvist, Mikael</marc:subfield>
      <marc:subfield code="c">Fiktiv karakter</marc:subfield>
      <marc:subfield code="e">dpc</marc:subfield>
    </marc:datafield>
    <marc:datafield tag="650" ind1=" " ind2=" ">
      <marc:subfield code="a">Drap</marc:subfield>
    </marc:datafield>
    <marc:datafield tag="650" ind1=" " ind2=" ">
      <marc:subfield code="a">Voldtekt</marc:subfield>
    </marc:datafield>
    <marc:datafield tag="650" ind1=" " ind2=" ">
      <marc:subfield code="a">Psykopater</marc:subfield>
    </marc:datafield>
    <marc:datafield tag="650" ind1=" " ind2=" ">
      <marc:subfield code="a">Cyberkriminalitet</marc:subfield>
    </marc:datafield>
    <marc:datafield tag="655" ind1=" " ind2="4">
      <marc:subfield code="a">Krim</marc:subfield>
    </marc:datafield>
    <marc:datafield tag="655" ind1=" " ind2="4">
      <marc:subfield code="a">Thriller</marc:subfield>
    </marc:datafield>
    <marc:datafield tag="655" ind1=" " ind2="4">
      <marc:subfield code="a">Fiksjon</marc:subfield>
    </marc:datafield>
    <marc:datafield tag="700" ind1="1" ind2=" ">
      <marc:subfield code="a">Larsson, Stieg,</marc:subfield>
      <marc:subfield code="d">1954-2004</marc:subfield>
      <marc:subfield code="0">194202</marc:subfield>
    </marc:datafield>
    <marc:datafield tag="700" ind1="1" ind2=" ">
      <marc:subfield code="a">Im, Hogyeong.</marc:subfield>
      <marc:subfield code="4">trl</marc:subfield>
      <marc:subfield code="0">http://viaf.org/viaf/189150468202204170463</marc:subfield>
    </marc:datafield>
  </marc:record>