
  <marc:record>
    <marc:leader>01611cgm a2200385 c 4500</marc:leader>
    <marc:controlfield tag="001">991000404974702201</marc:controlfield>
    <marc:controlfield tag="005">20171004214518.0</marc:controlfield>
    <marc:controlfield tag="007">vd||s||||</marc:controlfield>
    <marc:controlfield tag="008">150702p20092009xx#|||||||||||####v|swe|d</marc:controlfield>
    <marc:datafield tag="035" ind1=" " ind2=" ">
      <marc:subfield code="a">100040497-47bibsys_network</marc:subfield>
    </marc:datafield>
    <marc:datafield tag="035" ind1=" " ind2=" ">
      <marc:subfield code="a">(NO-TrBIB)100040497</marc:subfield>
    </marc:datafield>
    <marc:datafield tag="040" ind1=" " ind2=" ">
      <marc:subfield code="a">NO-TrBIB</marc:subfield>
      <marc:subfield code="b">nob</marc:subfield>
      <marc:subfield code="e">katreg</marc:subfield>
    </marc:datafield>
    <marc:datafield tag="130" ind1="0" ind2=" ">
      <marc:subfield code="a">Män som hatar kvinnor.</marc:subfield>
      <marc:subfield code="0">https://www.imdb.com/title/tt1132620</marc:subfield>
    </marc:datafield>
    <marc:datafield tag="245" ind1="0" ind2="0">
      <marc:subfield code="a">Menn som hater kvinner =</marc:subfield>
      <marc:subfield code="b">Män som hatar kvinnor</marc:subfield>
      <marc:subfield code="c">regi: Niels Arden Oplev</marc:subfield>
      <marc:subfield code="h">[videoopptak]</marc:subfield>
    </marc:datafield>
    <marc:datafield tag="246" ind1="3" ind2="1">
      <marc:subfield code="a">Män som hatar kvinnor</marc:subfield>
    </marc:datafield>
    <marc:datafield tag="260" ind1=" " ind2=" ">
      <marc:subfield code="a">Oslo</marc:subfield>
      <marc:subfield code="b">Nordisk Film</marc:subfield>
      <marc:subfield code="c">c2009</marc:subfield>
    </marc:datafield>
    <marc:datafield tag="300" ind1=" " ind2=" ">
      <marc:subfield code="a">1 plate (Blu-ray) (153 min)</marc:subfield>
      <marc:subfield code="b">lyd, kol.</marc:subfield>
    </marc:datafield>
    <marc:datafield tag="336" ind1=" " ind2=" ">
      <marc:subfield code="a">two-dimensional moving image</marc:subfield>
      <marc:subfield code="b">tdi</marc:subfield>
      <marc:subfield code="2">rdacontent</marc:subfield>
      <marc:subfield code="0">http://www.rdaregistry.info/termList/RDAContentType/#1023</marc:subfield>
    </marc:datafield>
    <marc:datafield tag="337" ind1=" " ind2=" ">
      <marc:subfield code="a">video</marc:subfield>
      <marc:subfield code="b">v</marc:subfield>
      <marc:subfield code="2">rdamedia</marc:subfield>
      <marc:subfield code="0">http://www.rdaregistry.info/termList/RDAMediaType/#1008</marc:subfield>
    </marc:datafield>
    <marc:datafield tag="338" ind1=" " ind2=" ">
      <marc:subfield code="a">videodisc</marc:subfield>
      <marc:subfield code="b">vd</marc:subfield>
      <marc:subfield code="2">rdacarrier  </marc:subfield>
      <marc:subfield code="0">http://www.rdaregistry.info/termList/RDACarrierType/#1060</marc:subfield>
    </marc:datafield>
    <marc:datafield tag="380" ind1=" " ind2=" ">
      <marc:subfield code="a">Film</marc:subfield>
      <marc:subfield code="0">http://id.loc.gov/authorities/subjects/sh86004702</marc:subfield>
      <marc:subfield code="2">LCSH</marc:subfield>
    </marc:datafield>
    <marc:datafield tag="500" ind1=" " ind2=" ">
      <marc:subfield code="a">Norske undertekster valgbare</marc:subfield>
    </marc:datafield>
    <marc:datafield tag="500" ind1=" " ind2=" ">
      <marc:subfield code="a">Rolleliste: Mikael Nyqvist, Lena Endre, Noomi Rapace, Peter Haber, Sven-Bertil Taube, Marika Lagercrantz</marc:subfield>
    </marc:datafield>
    <marc:datafield tag="500" ind1=" " ind2=" ">
      <marc:subfield code="a">Bygger på: Män som hatar kvinnor / Stieg Larsson</marc:subfield>
    </marc:datafield>
    <marc:datafield tag="500" ind1=" " ind2=" ">
      <marc:subfield code="a">Produksjonsår: 2008</marc:subfield>
    </marc:datafield>
    <marc:datafield tag="500" ind1=" " ind2=" ">
      <marc:subfield code="a">Aldersgrense: 15 år</marc:subfield>
    </marc:datafield>
    <marc:datafield tag="500" ind1=" " ind2=" ">
      <marc:subfield code="a">Medietilsynet : 139733</marc:subfield>
    </marc:datafield>
    <marc:datafield tag="500" ind1=" " ind2=" ">
      <marc:subfield code="a">1839831</marc:subfield>
    </marc:datafield>
    <marc:datafield tag="600" ind1="1" ind2="4">
      <marc:subfield code="a">Salander, Lisbeth</marc:subfield>
      <marc:subfield code="c">Fiktiv karakter</marc:subfield>
      <marc:subfield code="e">dpc</marc:subfield>
    </marc:datafield>
    <marc:datafield tag="600" ind1="1" ind2="4">
      <marc:subfield code="a">Blomkvist, Mikael</marc:subfield>
      <marc:subfield code="c">Fiktiv karakter</marc:subfield>
      <marc:subfield code="e">dpc</marc:subfield>
    </marc:datafield>
    <marc:datafield tag="650" ind1=" " ind2=" ">
      <marc:subfield code="a">Drap</marc:subfield>
    </marc:datafield>
    <marc:datafield tag="650" ind1=" " ind2=" ">
      <marc:subfield code="a">Voldtekt</marc:subfield>
    </marc:datafield>
    <marc:datafield tag="650" ind1=" " ind2=" ">
      <marc:subfield code="a">Psykopater</marc:subfield>
    </marc:datafield>
    <marc:datafield tag="650" ind1=" " ind2=" ">
      <marc:subfield code="a">Cyberkriminalitet</marc:subfield>
    </marc:datafield>
    <marc:datafield tag="653" ind1=" " ind2=" ">
      <marc:subfield code="a">svenske</marc:subfield>
      <marc:subfield code="a">spillefilmer</marc:subfield>
      <marc:subfield code="a">krim</marc:subfield>
      <marc:subfield code="a">spenningsfilmer</marc:subfield>
      <marc:subfield code="a">spenning</marc:subfield>
      <marc:subfield code="a">thriller</marc:subfield>
    </marc:datafield>
    <marc:datafield tag="655" ind1=" " ind2="7">
      <marc:subfield code="a">Blu-ray</marc:subfield>
      <marc:subfield code="2">humord</marc:subfield>
      <marc:subfield code="0">(NO-TrBIB)HUME28125</marc:subfield>
    </marc:datafield>
    <marc:datafield tag="700" ind1="1" ind2=" ">
      <marc:subfield code="a">Oplev, Niels Arden,</marc:subfield>
      <marc:subfield code="d">1961-</marc:subfield>
      <marc:subfield code="4">drt</marc:subfield>
      <marc:subfield code="0">https://www.imdb.com/name/nm0649117</marc:subfield>
    </marc:datafield>
    <marc:datafield tag="700" ind1="1" ind2=" ">
      <marc:subfield code="a">Nyqvist, Michael,</marc:subfield>
      <marc:subfield code="d">1960-2017</marc:subfield>
      <marc:subfield code="4">act</marc:subfield>
      <marc:subfield code="0">https://www.imdb.com/name/nm0638824</marc:subfield>
    </marc:datafield>
    <marc:datafield tag="700" ind1="1" ind2=" ">
      <marc:subfield code="a">Endre, Lena,</marc:subfield>
      <marc:subfield code="d">1955-</marc:subfield>
      <marc:subfield code="4">act</marc:subfield>
      <marc:subfield code="0">https://www.imdb.com/name/nm0256890</marc:subfield>
    </marc:datafield>
    <marc:datafield tag="700" ind1="1" ind2=" ">
      <marc:subfield code="a">Rapace, Noomi,</marc:subfield>
      <marc:subfield code="d">1979-</marc:subfield>
      <marc:subfield code="4">act</marc:subfield>
      <marc:subfield code="0">https://www.imdb.com/name/nm0636426</marc:subfield>
    </marc:datafield>
    <marc:datafield tag="700" ind1="1" ind2=" ">
      <marc:subfield code="a">Haber, Peter,</marc:subfield>
      <marc:subfield code="d">1952-</marc:subfield>
      <marc:subfield code="4">act</marc:subfield>
      <marc:subfield code="0">https://www.imdb.com/name/nm0352195</marc:subfield>
    </marc:datafield>
    <marc:datafield tag="700" ind1="1" ind2=" ">
      <marc:subfield code="a">Taube, Sven-Bertil,</marc:subfield>
      <marc:subfield code="d">1934-</marc:subfield>
      <marc:subfield code="4">act</marc:subfield>
      <marc:subfield code="0">https://www.imdb.com/name/nm0851422</marc:subfield>
    </marc:datafield>
    <marc:datafield tag="700" ind1="1" ind2="2">
      <marc:subfield code="a">Larsson, Stieg</marc:subfield>
      <marc:subfield code="i">adaption of work</marc:subfield>
      <marc:subfield code="1">https://viaf.org/viaf/4188148523903220970001</marc:subfield>
      <marc:subfield code="4">http://rdaregistry.info/Elements/w/adaptedAsMotionPictureWork.en</marc:subfield>
    </marc:datafield>
    <marc:datafield tag="901" ind1=" " ind2=" ">
      <marc:subfield code="a">80</marc:subfield>
    </marc:datafield>
  </marc:record>