
  <marc:record>
    <marc:leader>02060cgm a2200493 c 4500</marc:leader>
    <marc:controlfield tag="001">991212687644702201</marc:controlfield>
    <marc:controlfield tag="005">20171005161125.0</marc:controlfield>
    <marc:controlfield tag="007">vd |v||||</marc:controlfield>
    <marc:controlfield tag="008">150702p20122011xx#|||||||||||####v|mul|d</marc:controlfield>
    <marc:datafield tag="035" ind1=" " ind2=" ">
      <marc:subfield code="a">121268764-47bibsys_network</marc:subfield>
    </marc:datafield>
    <marc:datafield tag="035" ind1=" " ind2=" ">
      <marc:subfield code="a">(NO-TrBIB)121268764</marc:subfield>
    </marc:datafield>
    <marc:datafield tag="040" ind1=" " ind2=" ">
      <marc:subfield code="a">NO-TrBIB</marc:subfield>
      <marc:subfield code="b">nob</marc:subfield>
      <marc:subfield code="e">katreg</marc:subfield>
    </marc:datafield>
    <marc:datafield tag="041" ind1=" " ind2=" ">
      <marc:subfield code="a">eng</marc:subfield>
      <marc:subfield code="a">nob</marc:subfield>
    </marc:datafield>
    <marc:datafield tag="082" ind1="0" ind2="4">
      <marc:subfield code="a">839.7s</marc:subfield>
      <marc:subfield code="2">21</marc:subfield>
    </marc:datafield>
    <marc:datafield tag="082" ind1="0" ind2="4">
      <marc:subfield code="a">791.4372</marc:subfield>
      <marc:subfield code="2">23</marc:subfield>
    </marc:datafield>
    <marc:datafield tag="083" ind1="0" ind2=" ">
      <marc:subfield code="a">791.43f</marc:subfield>
      <marc:subfield code="2">21</marc:subfield>
    </marc:datafield>
    <marc:datafield tag="130" ind1="0" ind2=" ">
      <marc:subfield code="a">The girl with the dragon tattoo.</marc:subfield>
      <marc:subfield code="0">https://www.imdb.com/title/tt1568346</marc:subfield>
    </marc:datafield>
    <marc:datafield tag="245" ind1="0" ind2="4">
      <marc:subfield code="a">The girl with the dragon tattoo</marc:subfield>
      <marc:subfield code="c">regi: David Fincher</marc:subfield>
      <marc:subfield code="h">[videoopptak]</marc:subfield>
    </marc:datafield>
    <marc:datafield tag="260" ind1=" " ind2=" ">
      <marc:subfield code="a">[Oslo?]</marc:subfield>
      <marc:subfield code="b">SPHE Nordic</marc:subfield>
      <marc:subfield code="c">cop. 2012</marc:subfield>
    </marc:datafield>
    <marc:datafield tag="300" ind1=" " ind2=" ">
      <marc:subfield code="a">1 plate (DVD-video) (2 t, 32 min)</marc:subfield>
      <marc:subfield code="b">lyd, kol.</marc:subfield>
    </marc:datafield>
    <marc:datafield tag="336" ind1=" " ind2=" ">
      <marc:subfield code="a">two-dimensional moving image</marc:subfield>
      <marc:subfield code="b">tdi</marc:subfield>
      <marc:subfield code="2">rdacontent</marc:subfield>
      <marc:subfield code="0">http://www.rdaregistry.info/termList/RDAContentType/#1023</marc:subfield>
    </marc:datafield>
    <marc:datafield tag="337" ind1=" " ind2=" ">
      <marc:subfield code="a">video</marc:subfield>
      <marc:subfield code="b">v</marc:subfield>
      <marc:subfield code="2">rdamedia</marc:subfield>
      <marc:subfield code="0">http://www.rdaregistry.info/termList/RDAMediaType/#1008</marc:subfield>
    </marc:datafield>
    <marc:datafield tag="338" ind1=" " ind2=" ">
      <marc:subfield code="a">videodisc</marc:subfield>
      <marc:subfield code="b">vd</marc:subfield>
      <marc:subfield code="2">rdacarrier  </marc:subfield>
      <marc:subfield code="0">http://www.rdaregistry.info/termList/RDACarrierType/#1060</marc:subfield>
    </marc:datafield>
    <marc:datafield tag="380" ind1=" " ind2=" ">
      <marc:subfield code="a">Film</marc:subfield>
      <marc:subfield code="0">http://id.loc.gov/authorities/subjects/sh86004702</marc:subfield>
      <marc:subfield code="2">LCSH</marc:subfield>
    </marc:datafield>
    <marc:datafield tag="490" ind1="1" ind2=" ">
      <marc:subfield code="a">Millennium-trilogien. 1</marc:subfield>
    </marc:datafield>
    <marc:datafield tag="500" ind1=" " ind2=" ">
      <marc:subfield code="a">Thriller. Aldersgrense 15 år.</marc:subfield>
    </marc:datafield>
    <marc:datafield tag="500" ind1=" " ind2=" ">
      <marc:subfield code="a">Rolleliste: Daniel Craig, Rooney Mara, Christopher Plummer</marc:subfield>
    </marc:datafield>
    <marc:datafield tag="500" ind1=" " ind2=" ">
      <marc:subfield code="a">Bygger på: Män som hatar kvinnor / Stieg Larsson</marc:subfield>
    </marc:datafield>
    <marc:datafield tag="500" ind1=" " ind2=" ">
      <marc:subfield code="a">Engelsk tale; danske, engelske, finske, norske og svenske undertekster</marc:subfield>
    </marc:datafield>
    <marc:datafield tag="500" ind1=" " ind2=" ">
      <marc:subfield code="a">Produksjon: USA, 2011</marc:subfield>
    </marc:datafield>
    <marc:datafield tag="500" ind1=" " ind2=" ">
      <marc:subfield code="a">Kodet for region 2. Widescreen.</marc:subfield>
    </marc:datafield>
    <marc:datafield tag="500" ind1=" " ind2=" ">
      <marc:subfield code="a">Medietilsynet : 163110</marc:subfield>
    </marc:datafield>
    <marc:datafield tag="600" ind1="1" ind2="4">
      <marc:subfield code="a">Salander, Lisbeth</marc:subfield>
      <marc:subfield code="c">Fiktiv karakter</marc:subfield>
      <marc:subfield code="e">dpc</marc:subfield>
    </marc:datafield>
    <marc:datafield tag="600" ind1="1" ind2="4">
      <marc:subfield code="a">Blomkvist, Mikael</marc:subfield>
      <marc:subfield code="c">Fiktiv karakter</marc:subfield>
      <marc:subfield code="e">dpc</marc:subfield>
    </marc:datafield>
    <marc:datafield tag="650" ind1=" " ind2=" ">
      <marc:subfield code="a">Drap</marc:subfield>
    </marc:datafield>
    <marc:datafield tag="650" ind1=" " ind2=" ">
      <marc:subfield code="a">Voldtekt</marc:subfield>
    </marc:datafield>
    <marc:datafield tag="650" ind1=" " ind2=" ">
      <marc:subfield code="a">Psykopater</marc:subfield>
    </marc:datafield>
    <marc:datafield tag="650" ind1=" " ind2=" ">
      <marc:subfield code="a">Cyberkriminalitet</marc:subfield>
    </marc:datafield>
    <marc:datafield tag="653" ind1=" " ind2=" ">
      <marc:subfield code="a">amerikanske</marc:subfield>
      <marc:subfield code="a">spillefilmer</marc:subfield>
      <marc:subfield code="a">action</marc:subfield>
      <marc:subfield code="a">thrillere</marc:subfield>
      <marc:subfield code="a">thriller</marc:subfield>
      <marc:subfield code="a">krim</marc:subfield>
      <marc:subfield code="a">crime</marc:subfield>
      <marc:subfield code="a">drama</marc:subfield>
      <marc:subfield code="a">mysterie</marc:subfield>
      <marc:subfield code="a">mystery</marc:subfield>
      <marc:subfield code="a">usa</marc:subfield>
      <marc:subfield code="a">sverige</marc:subfield>
      <marc:subfield code="a">sweden</marc:subfield>
      <marc:subfield code="a">storbritannia</marc:subfield>
      <marc:subfield code="a">united</marc:subfield>
      <marc:subfield code="a">kingdom</marc:subfield>
      <marc:subfield code="a">tyskland</marc:subfield>
      <marc:subfield code="a">germany</marc:subfield>
    </marc:datafield>
    <marc:datafield tag="655" ind1=" " ind2="7">
      <marc:subfield code="a">DVD</marc:subfield>
      <marc:subfield code="2">humord</marc:subfield>
      <marc:subfield code="0">(NO-TrBIB)HUME19448</marc:subfield>
    </marc:datafield>
    <marc:datafield tag="700" ind1="1" ind2=" ">
      <marc:subfield code="a">Fincher, David,</marc:subfield>
      <marc:subfield code="d">1962-</marc:subfield>
      <marc:subfield code="4">drt</marc:subfield>
      <marc:subfield code="0">https://www.imdb.com/name/nm0000399</marc:subfield>
    </marc:datafield>
    <marc:datafield tag="700" ind1="1" ind2="2">
      <marc:subfield code="a">Larsson, Stieg</marc:subfield>
      <marc:subfield code="i">adaption of work</marc:subfield>
      <marc:subfield code="1">https://viaf.org/viaf/4188148523903220970001</marc:subfield>
      <marc:subfield code="4">http://rdaregistry.info/Elements/w/adaptedAsMotionPictureWork.en</marc:subfield>
    </marc:datafield>
    <marc:datafield tag="700" ind1="1" ind2=" ">
      <marc:subfield code="a">Craig, Daniel,</marc:subfield>
      <marc:subfield code="d">1968-</marc:subfield>
      <marc:subfield code="4">act</marc:subfield>
      <marc:subfield code="0">https://www.imdb.com/name/nm01858191</marc:subfield>
    </marc:datafield>
    <marc:datafield tag="700" ind1="1" ind2=" ">
      <marc:subfield code="a">Mara, Rooney.</marc:subfield>
      <marc:subfield code="4">act</marc:subfield>
      <marc:subfield code="0">https://www.imdb.com/name/nm1913734</marc:subfield>
    </marc:datafield>
    <marc:datafield tag="700" ind1="1" ind2=" ">
      <marc:subfield code="a">Plummer, Christopher,</marc:subfield>
      <marc:subfield code="d">1929-</marc:subfield>
      <marc:subfield code="4">act</marc:subfield>
      <marc:subfield code="0">https://www.imdb.com/name/nm0001626</marc:subfield>
    </marc:datafield>
    <marc:datafield tag="830" ind1=" " ind2="0">
      <marc:subfield code="a">Millennium-trilogien. 1</marc:subfield>
    </marc:datafield>
    <marc:datafield tag="856" ind1="4" ind2="2">
      <marc:subfield code="3">Sammendrag</marc:subfield>
      <marc:subfield code="u">http://www.imdb.com/title/tt1568346/</marc:subfield>
    </marc:datafield>
  </marc:record>